1809 3046
873 172 1083 222 -50-.-

391 275 427 310 6.
450 275 556 310 Lucr.
580 275 616 309 Π
638 275 714 309 292
737 274 931 321 legendum
953 275 1120 311 videtur:

664 326 730 362 sed
752 338 797 362 ne
819 338 919 363 mens
942 327 1023 372 ipsa
1043 337 1229 364 necessum

336 378 543 413 intestinum
565 377 699 413 habeat
734 405 743 414 .
768 405 776 414 .
803 405 811 414 .
848 381 884 416 et
905 379 1048 414 devicta
1076 379 1181 425 quasi
1212 376 1315 427 („id“
1339 379 1486 414 Lachm.
1510 345 1665 427 addidit)
1718 408 1729 417 .

1218 433 1369 489 cogatur
1389 430 1484 466 ferre
1505 430 1664 475 patique,

335 491 357 516 o
367 478 427 515 ssi
438 490 457 516 c
467 479 504 516 it
535 476 688 531 (obficit)
719 481 887 527 exiguum
918 481 1095 517 clinamen
1121 474 1378 528 principiorum
1409 478 1593 570 (ti-adltufilil
1595 480 1665 583 t,3‘131

389 617 424 652 7.
447 617 579 653 Plotia.
601 617 695 653 Enn.
724 617 758 652 H
784 619 827 664 1,
858 618 879 652 6
911 592 990 652 ἐπεὶ
1017 616 1078 651 καὶ
1104 613 1143 651 τὸ
1173 613 1306 651 πυκιὸν
1335 616 1386 665 τῷ
1406 616 1533 679 χρυσοῖ
1560 611 1664 652 aidau

282 665 358 703 ὄηι
388 672 618 716 προσγίνεται
641 682 682 704 ου
709 668 772 714 γῆς
796 671 1071 728 προσγινομένης
1105 664 1199 703 αλὶὰ
1227 666 1439 713 πυκιότητος
1475 683 1494 713 η
1527 666 1663 713 πηξεως

283 720 432 755 verbum
458 731 597 768 χρυσφ,
634 720 734 755 cuius
756 720 835 755 loco
858 720 1051 764 suspiceris
1074 720 1319 764 reponendum
1342 731 1422 756 esse
1449 719 1662 769 κρυστάλλῳ

283 768 391 820 (Plat
415 771 508 808 Tim.
532 770 594 819 59,
609 768 682 821 Ε.),
706 771 844 807 servari
867 774 987 817 potest
1009 768 1118 820 (Plat.
1142 771 1235 807 Tim.
1259 770 1320 819 59,
1344 771 1387 808 A.
1402 769 1473 820 Β..)

387 856 423 889 8.
446 854 577 890 Plotin.
593 855 684 889 Enn.
701 855 718 888 I
741 855 776 901 8,
800 855 824 888 4
846 854 1054 899 recipienda
1077 856 1132 889 est
1154 854 1332 899 scriptura
1363 854 1441 889 cod.
1470 855 1659 889 Monacen-

282 907 331 943 sis
354 905 382 942 O
405 901 481 941 οἷόν
503 917 591 953 φησι
614 902 921 951 διυλωσάμενοι
940 907 1005 951 μὲν
1027 897 1060 955 (ᾖ
1081 906 1216 952 πέφυκε
1242 903 1351 942 κακία
1381 905 1496 951 ψυχῆς
1531 908 1661 951 ἐγγίνε-

281 962 397 1002 σθαις
425 958 494 995 sed
512 959 609 994 notio
631 959 733 995 verbi
755 956 1023 1001 δουλωσαμενοι
1051 961 1087 993 et
1119 960 1299 993 structura
1326 958 1436 994 totius
1459 959 1660 995 sententiae

280 1010 374 1045 aliae
405 1012 488 1045 sunt
515 1013 623 1055 atque
655 1010 746 1045 Plat.
778 1010 935 1045 Phaedr.
967 1010 1041 1044 256
1065 1010 1095 1044 B
1125 1005 1390 1053 δουλωσάμενοι
1411 1011 1475 1053 μὲν
1498 1002 1531 1060 ῷ
1553 1022 1661 1043 xanta

282 1060 398 1108 ψυχῆς
426 1061 629 1109 ἐνεγίγνετο,
653 1072 759 1106 quem
784 1062 900 1097 locum
923 1062 1087 1097 Plotinus
1109 1060 1293 1096 recordari
1319 1060 1473 1097 videtur.

385 1145 420 1179 9.
444 1145 551 1179 Lucr.
575 1155 645 1179 non
669 1144 756 1179 satis
776 1144 845 1179 sibi
867 1146 1019 1193 constat,
1044 1154 1122 1178 cum
1147 1144 1251 1179 docet
1272 1143 1322 1178 IV
1342 1143 1417 1178 834
1433 1154 1512 1189 sqq.
1538 1143 1659 1191 „quod

280 1199 437 1233 natumst
465 1196 503 1231 id
531 1198 698 1241 procreat
728 1205 849 1242 usum,
883 1206 949 1231 nec
976 1194 1043 1231 fuit
1066 1197 1150 1230 ante
1172 1194 1296 1231 videre
1320 1196 1501 1231 oculorum
1527 1196 1661 1232 lumina

280 1247 426 1283 natum“
451 1250 535 1283 cett.
569 1251 606 1282 et
630 1248 660 1282 V
687 1247 785 1281 1028
811 1259 891 1292 sqq.
925 1247 1086 1294 „utilitas
1110 1247 1287 1291 expressit
1309 1248 1454 1282 nomina
1475 1259 1593 1283 rerum
1618 1274 1626 1282 .
1651 1274 1660 1283 .

334 1300 433 1334 1033
457 1299 567 1335 sentit
590 1299 682 1334 enim
706 1298 778 1333 vim
801 1299 953 1344 quisque
976 1309 1077 1333 suam
1101 1309 1171 1343 quo
1194 1297 1241 1333 ad
1262 1298 1378 1343 possit
1399 1299 1511 1334 abuti.

457 1362 590 1387 cornua
614 1354 698 1386 nata
720 1350 820 1395 prius
840 1351 952 1386 vitulo
975 1361 1082 1396 quam
1107 1349 1285 1386 frontibus
1305 1353 1440 1398 extent,

456 1403 528 1439 illis
550 1403 663 1438 iratus
685 1403 779 1446 petit
801 1406 912 1447 atque
933 1402 1088 1438 infestus
1110 1400 1292 1446 inurget‘⁴.

279 1456 420 1491 Etenim
451 1457 512 1490 aut
540 1456 709 1499 procreat
736 1454 812 1501 vis,
844 1465 936 1499 quae
968 1454 1137 1500 sentitur,
1168 1453 1329 1488 membra
1361 1474 1404 1477 —
1441 1453 1478 1489 id
1512 1454 1607 1499 quod
1638 1466 1660 1489 a

279 1508 441 1543 doctrina
467 1506 614 1551 Epicuri
636 1506 806 1542 abhorret
833 1527 883 1532 -—
912 1508 974 1542 aut
995 1516 1065 1542 non
1094 1505 1256 1552 sentitur,
1286 1508 1478 1551 antequam
1500 1506 1660 1541 membra

279 1560 403 1604 genita
426 1562 521 1594 sunt.

387 1643 446 1677 10.
469 1641 639 1676 Lucretio
662 1640 856 1685 opprobrio
879 1639 1090 1675 vertendum
1115 1643 1169 1675 est
1197 1638 1292 1684 quod
1322 1639 1374 1674 111
1400 1640 1473 1674 717
1497 1650 1577 1685 sqq.
1609 1640 1659 1675 lo-

279 1695 398 1739 quitur
421 1693 524 1737 quasi
547 1693 708 1727 oriantur
730 1692 929 1726 animantes
953 1702 996 1726 ex
1020 1692 1150 1738 anima,
1176 1703 1254 1727 cum
1281 1694 1401 1726 tamen
1419 1691 1454 1725 ΙΙ
1481 1691 1554 1726 865
1579 1702 1658 1736 sqq.

278 1749 376 1782 recte
390 1744 553 1790 probarit
573 1754 618 1779 ex
632 1743 901 1779 insensibilibus
916 1743 1102 1788 principiis
1117 1743 1235 1778 omnia
1250 1745 1415 1778 constare
1429 1739 1490 1790 (cf.
1506 1743 1540 1777 II
1555 1740 1658 1791 928).

738 2623 916 2654 nrunsvign,
943 2624 1016 2653 typis
1032 2623 1065 2647 M.
1083 2624 1201 2651 Bruhnii,
