1809 3046
879 177 1088 213 :34—

301 282 397 329 quod
411 282 480 319 Gn.
503 282 640 318 monuit
661 293 731 330 —;
753 293 789 318 v.
809 282 886 317 428
909 292 1051 327 quoque
1071 291 1200 330 „omne
1219 290 1332 327 genus
1351 282 1474 317 coetus
1497 307 1516 316 ,Α
1531 308 1539 317 .
1563 291 1670 327 expe-

299 335 453 370 riundo“
481 335 610 370 abesse
641 335 777 381 possit,
809 345 889 370 cum
921 334 998 369 fere
1029 334 1126 370 idem
1154 334 1345 376 antecedat
1370 333 1407 368 in
1434 343 1492 368 vv.
1516 333 1592 368 425
1615 344 1670 378 sq.

300 386 522 434 „primordia
549 389 766 422 consuerunt
788 385 999 422 omnimodis
1022 386 1119 421 coire
1146 388 1255 431 atque
1284 385 1436 420 omnia
1469 388 1671 430 pertem-

299 450 322 484 p
331 441 402 474 tar
411 449 442 485 e,
459 449 705 483 quaecumque
719 438 813 474 inter
827 449 865 474 se
881 448 1077 482 congressa
1090 447 1214 473 creare
1228 435 1414 482 possent“.
1438 437 1511 473 Sed
1524 440 1672 483 propter

299 490 364 525 has
395 501 454 525 res
482 500 587 529 nemo
618 490 700 525 illos
729 502 788 526 vv.
813 501 878 535 pro
900 489 1032 534 spuriis
1053 488 1201 526 habebit
1216 486 1254 538 ¹).
1309 488 1446 532 Quodsi
1468 489 1536 525 Gn.
1559 490 1670 535 parti-

299 543 416 577 culam
448 540 572 588 „tum“
603 542 678 577 432
712 542 896 578 contendit
926 544 1094 587 spectare
1125 541 1173 577 ad
1203 543 1356 587 tempus,
1389 552 1459 586 quo
1490 542 1672 579 coniectus

298 594 472 629 materiae
503 596 638 630 terram
666 595 804 630 caelum
836 597 919 629 cett.
950 593 1109 629 fundarit
1139 593 1164 628 i.
1187 603 1219 628 e.
1248 593 1295 628 ad
1326 604 1385 628 vv.
1408 594 1609 629 416—18:
1638 594 1672 629 ei

298 646 486 692 assentior,
518 646 602 681 dum
633 656 679 681 ne
708 646 793 681 inde
817 645 1047 680 concluderet
1069 655 1205 690 versus,
1229 644 1290 688 qui
1311 643 1407 679 inter
1427 644 1493 679 hos
1516 647 1553 679 et
1572 645 1672 680 illum

298 697 478 733 intersunt
493 693 720 746 (419-31),
744 696 916 733 delendos
939 707 1031 733 esse.
1067 696 1162 732 Nam
1182 695 1218 731 in
1240 698 1447 732 transcursu
1466 696 1571 741 quasi
1588 707 1670 732 con-

299 749 440 784 firmant
461 760 590 784 revera
612 750 813 785 coniectum
835 750 1005 785 materiae
1027 759 1086 784 res
1100 758 1256 795 creasse,
1278 750 1318 783 ut
1338 748 1391 783 illi
1412 748 1579 784 relationi
1600 759 1671 784 non

300 800 471 836 officiant.
535 801 646 835 Immo
683 801 714 836 si
745 812 779 836 v.
810 801 886 836 432
919 801 1102 846 exciperet
1128 810 1271 836 versum
1301 800 1398 847 418,
1430 810 1501 835 non
1530 800 1672 845 singula

298 852 442 887 nomina
463 853 516 887 ita
536 854 806 897 repeterentur:
832 863 1008 897 exponam
1031 852 1160 897 quibus
1173 851 1289 887 modis
1305 852 1486 887 coniectus
1500 852 1671 888 materiae

298 903 458 939 fundarit
485 907 664 939 terram
692 907 728 939 et
756 905 934 939 caelum
965 904 1196 949 pontique.
1214 902 1403 950 profunda,
1432 904 1551 940 solis
1573 905 1671 939 lunai

299 966 435 992 cursus.
498 956 568 991 Hie
597 966 714 1000 neque
743 959 818 991 tum
850 955 971 992 solis
1001 958 1082 992 rota
1104 955 1203 991 cerni
1227 982 1236 990 .
1260 981 1270 990 .
1292 957 1436 1000 poterat
1461 966 1529 991 nec
1550 956 1671 1001 magni

298 1008 420 1044 sidera
440 1007 563 1043 mundi
586 1018 653 1043 nec
674 1019 797 1044 mare
819 1019 887 1044 nec
909 1009 1085 1044 caelum
1106 1018 1173 1043 nec
1195 1007 1350 1052 denique
1372 1010 1469 1043 terra
1492 1034 1501 1043 .
1525 1006 1573 1055 .“‚
1606 1009 1671 1044 sed

298 1071 333 1100 v.
358 1060 433 1095 432
456 1060 572 1095 oratio
593 1060 631 1095 in
652 1059 746 1095 hunc
768 1058 844 1095 fere
866 1060 1009 1096 modum
1035 1059 1241 1095 continuata
1264 1062 1376 1095 esset:
1401 1059 1600 1106 „principio
1621 1060 1672 1095 nil

298 1112 451 1147 horum
485 1111 584 1147 cerni
613 1113 776 1158 poterat,
811 1111 875 1147 sed
906 1110 1103 1157 primordia
1133 1110 1379 1147 tantummodo
1415 1112 1606 1149 exstabant
1636 1115 1672 1148 et

298 1162 443 1199 inane“.
464 1185 507 1188 —
526 1164 614 1199 Sunt
634 1163 744 1209 igitur
764 1164 818 1198 illi
838 1175 897 1199 vv.
918 1164 1075 1209 genuini.
1105 1164 1178 1199 Sed
1201 1166 1302 1199 estne
1322 1166 1398 1199 tota
1419 1163 1508 1199 haec
1529 1174 1613 1209 pars
1627 1174 1672 1200 ex

298 1216 479 1260 prioribus
513 1216 665 1250 collecta
700 1219 735 1250 et
771 1216 874 1260 quasi
905 1216 1165 1261 consarcinata,
1201 1226 1248 1250 an
1278 1218 1360 1250 sunt
1389 1215 1553 1259 singulae
1587 1216 1671 1251 illae

298 1267 497 1312 particulae
532 1276 578 1302 ex
612 1266 682 1302 hac
718 1267 935 1312 excerptae?
976 1267 1042 1302 Vv.
1079 1267 1110 1302 V
1141 1267 1320 1301 422—26
1357 1269 1393 1302 et
1428 1267 1460 1302 V
1491 1267 1669 1303 429—31

298 1320 334 1355 h.
366 1321 390 1354 l.
427 1319 465 1354 in
498 1317 668 1354 inferiore
704 1319 847 1363 quidem
884 1322 987 1363 parte
1023 1319 1190 1354 carminis
1225 1322 1318 1364 sunt,
1354 1319 1419 1354 sed
1451 1319 1507 1354 his
1538 1320 1672 1356 similes

299 1372 330 1406 V
375 1371 447 1405 187
453 1371 551 1404 --91
598 1373 635 1405 et
677 1371 713 1404 II
759 1371 963 1405 1061—63
1016 1369 1247 1406 Lachmanno
1289 1369 1406 1405 iudice
1450 1374 1593 1406 exstant
1634 1372 1671 1407 in

299 1422 482 1468 emboliis;
515 1424 598 1457 sunt
632 1421 742 1467 igitur
774 1425 902 1467 postea
936 1422 1072 1457 inserti.
1132 1421 1252 1458 Ceteri
1284 1424 1402 1458 autem
1431 1422 1462 1457 V
1490 1423 1670 1458 419—22

299 1472 365 1523 (z
398 1475 415 1509 I
446 1470 679 1522 1021-25),
709 1474 740 1509 V
763 1474 837 1509 427
868 1471 960 1523 (fere
991 1489 1040 1505 z
1070 1474 1087 1509 I
1113 1470 1239 1523 1029),
1269 1474 1301 1509 V
1328 1474 1403 1509 428
1426 1470 1493 1523 (z
1515 1476 1532 1509 I
1557 1473 1672 1525 1026)

300 1527 337 1562 in
367 1527 390 1562 l.
422 1527 439 1561 I
468 1526 632 1571 primitus
663 1526 789 1570 scripti
817 1526 996 1562 videntur.
1052 1525 1157 1570 Quod
1183 1526 1215 1561 si
1240 1526 1425 1572 probatur,
1457 1527 1564 1562 etiam
1587 1538 1670 1563 con-

299 1578 447 1613 cedetur
484 1578 692 1612 Lucretium
729 1588 800 1612 non
838 1578 1041 1622 inspexisse
1078 1578 1177 1612 illum
1216 1578 1333 1612 locum
1370 1577 1454 1613 libri
1480 1579 1510 1625 Ι,
1541 1579 1671 1614 nedum

297 1630 535 1674 interpolator
573 1640 653 1664 eum
692 1629 934 1674 exscripserit.
1016 1630 1110 1664 Nam
1139 1629 1215 1664 eius
1246 1628 1291 1663 de
1321 1639 1391 1673 quo
1423 1629 1572 1665 dicimus
1601 1631 1672 1666 loci

299 1681 561 1726 argumentatio
591 1680 666 1715 fere
695 1683 773 1715 tota
794 1681 844 1716 ibi
868 1683 1002 1716 exstat:
1037 1680 1256 1728 „primordia
1278 1691 1348 1715 non
1374 1681 1523 1716 consilio
1546 1692 1609 1717 suo
1632 1693 1671 1717 se

299 1733 425 1768 ordine
456 1732 640 1778 locarunt,
672 1732 738 1767 sed
764 1732 883 1777 plagis
912 1735 948 1767 et
978 1732 1196 1777 ponderibus
1227 1731 1300 1767 suis
1333 1732 1394 1767 diu
1424 1733 1564 1769 concita
1592 1736 1670 1769 tan-

300 1784 382 1820 dem
405 1784 620 1819 conveniunt
640 1783 678 1818 in
700 1784 793 1819 tales
816 1784 1064 1830 disposituras,
1093 1783 1257 1829 qualibus
1284 1783 1374 1819 haec
1395 1794 1514 1820 rerum
1536 1796 1673 1821 summa

300 1834 500 1871 consistit“.
543 1835 615 1870 Cur
636 1835 746 1879 igitur
767 1846 837 1869 non
860 1838 972 1870 totam
994 1846 1072 1871 eam
1094 1836 1178 1870 inde
1200 1835 1347 1880 repetiit
1367 1835 1445 1871 sive
1465 1836 1572 1871 Lucr.
1596 1837 1672 1873 sive

298 1888 556 1933 interpolator,
593 1886 658 1922 sed
693 1887 938 1923 tantummodo
974 1898 1038 1924 sex
1073 1898 1199 1923 versus
1245 1890 1281 1922 et
1315 1886 1381 1923 hos
1416 1887 1559 1932 quidem
1601 1890 1672 1925 alio

300 1940 454 1976 ordine?
490 1939 666 1974 Nimirum
696 1941 828 1984 poetae
857 1940 910 1974 illi
939 1950 1003 1975 sex
1033 1940 1069 1975 in
1100 1941 1219 1975 mente
1249 1938 1459 1975 haerebant.
1492 1961 1542 1966 ——
1572 1942 1673 1977 Haec

299 1992 525 2027 ratiocinatio
555 2002 598 2027 eo
630 1991 890 2036 quodammodo
923 1991 1170 2037 confirmatur,
1208 1991 1303 2035 quod
1334 1991 1369 2026 h.
1402 1993 1425 2026 1.
1457 1992 1488 2027 is
1519 1994 1672 2029 maxime

299 2056 333 2079 v.
359 2040 467 2092 (428)
491 2042 678 2079 offensioni
701 2045 767 2089 est,
793 2043 854 2087 qui
876 2043 982 2078 etiam
1004 2043 1041 2078 in
1064 2044 1087 2078 1.
1111 2044 1128 2078 Ι
1151 2043 1314 2090 occurrit,
1344 2044 1455 2079 ceteri
1480 2047 1598 2080 autem
1620 2046 1673 2081 eis

299 2096 400 2143 locis,
425 2095 487 2140 qui
508 2097 591 2140 post
613 2093 706 2133 hunc
728 2094 853 2139 scripti
875 2098 957 2131 sunt
979 2092 1026 2143 (V
1052 2094 1242 2142 187—91,
1265 2095 1299 2129 II
1324 2093 1558 2145 1061-63).

404 2148 436 2183 V
460 2147 547 2182 210.
574 2148 618 2181 11
644 2147 844 2182 :1211.
871 2148 917 2181 12

353 2197 400 2248 (si
422 2195 510 2247 non)
532 2198 705 2234 fecundas
728 2201 911 2234 vertentes
935 2209 1079 2236 vomere
1102 2198 1229 2244 glebas

351 2251 534 2295 terraique
557 2252 671 2286 solum
693 2250 902 2295 subigentes
925 2251 1037 2285 cimus
1059 2251 1105 2285 ad
1128 2253 1241 2297 ortus,

352 2300 496 2352 (sponte
519 2313 584 2337 sua
605 2304 787 2347 nequeant
809 2302 963 2347 liquidas
986 2302 1144 2338 existere
1165 2302 1203 2337 in
1224 2299 1360 2351 auras).

405 2351 490 2403 (Gn.
515 2355 563 2389 79
588 2365 655 2401 sq.,
678 2354 739 2389 Br.
764 2351 868 2403 207).

405 2446 439 2486 1)
462 2444 509 2476 Cf.
538 2443 678 2475 similem
708 2443 939 2475 verbositatem
968 2444 983 2475 I
1012 2444 1075 2475 513
1105 2453 1172 2484 sqq.
1204 2443 1294 2475 nulla
1322 2453 1374 2476 res
1403 2446 1514 2485 potest
1543 2445 1675 2486 probari

298 2488 397 2519 inane
424 2487 513 2518 intus
541 2485 672 2524 habere,
700 2485 729 2517 si
757 2495 823 2517 non
846 2485 949 2526 quod
972 2485 1140 2518 cohibet
1161 2485 1299 2518 solidum
1321 2491 1471 2519 constare
1492 2486 1673 2528 relinquas:

298 2529 332 2561 id
353 2538 450 2570 porro
472 2528 520 2560 nil
542 2537 613 2559 esse
635 2529 746 2568 potest
768 2528 832 2559 nisi
853 2527 1002 2559 materiai
1025 2527 1205 2567 concilium,
1236 2528 1335 2567 quod
1356 2528 1479 2560 inane
1499 2528 1541 2560 in
1562 2530 1674 2562 rebu’

298 2573 422 2611 queat
444 2569 648 2602 cohibere.
