1809 3046
900 190 944 195 .-
975 168 1105 204 40..

316 274 412 310 disse
434 274 529 309 levia
552 276 587 309 et
609 283 740 318 aspera
762 273 940 309 elementa
960 275 997 309 in
1018 274 1124 310 melle
1152 273 1343 311 commixta
1365 284 1455 321 esse,
1487 274 1689 311 meminisse

315 325 458 361 videtur
492 325 663 372 locorum,
700 324 830 371 quibus
864 336 922 362 res
958 336 1080 362 omnes
1114 327 1282 372 probavit
1316 326 1493 372 permixto
1525 329 1689 363 constare

315 378 462 413 semine.
502 377 716 414 Aceuratius
740 377 884 423 quidem
906 378 957 413 ita
971 377 1092 414 dicere
1107 378 1250 414 debuit:
1275 379 1358 425 „cui
1381 379 1466 423 quid
1488 390 1599 414 suave
1621 382 1688 425 est,

314 429 410 464 levia
432 440 585 473 corpora
605 429 720 473 palati
743 431 865 465 caulas
886 429 1040 477 intrant3
1065 430 1122 465 cui
1140 430 1236 465 idem
1258 432 1313 466 est
1335 440 1513 477 amarum,
1545 440 1687 476 aspera.

313 483 466 526 utraque
489 480 584 517 enim
606 484 689 517 sunt
711 481 820 518 etiam
853 481 890 516 in
925 482 1030 517 melle
1053 482 1256 529 commixta,
1279 482 1446 527 quoniam
1472 493 1531 517 res
1553 493 1688 529 omnes,
1714 511 1729 516 r

312 535 352 568 ut
375 543 484 578 saepe
507 533 740 580 ostendimus,
763 533 938 579 permixto
961 534 1095 570 semine
1118 533 1321 570 constant“.
1364 534 1438 570 Sed
1460 534 1538 579 quis
1556 534 1598 570 in
1619 535 1688 570 hac

314 596 354 620 re
376 585 545 633 offendet,
570 586 632 631 qui
654 585 798 631 quidem
819 586 1052 633 reputaverit,
1077 588 1212 631 quanta
1232 586 1502 631 perturbatione
1531 589 1608 622 tota
1635 588 1687 622 la-

313 638 418 673 boret
439 637 736 683 argumentatio?
789 638 932 673 Etenim
961 640 1072 683 poeta
1103 649 1182 674 cum
1214 648 1359 673 causam
1391 637 1525 673 diversi
1546 638 1687 683 saporis

313 689 446 735 repetit
468 700 513 724 ex
536 688 745 725 diversitate
767 689 952 737 seminum,
978 701 1070 735 quae
1092 690 1130 725 in
1153 690 1243 726 cibis
1264 690 1377 725 mixta
1391 689 1462 725 sint
1476 686 1686 738 (642—44,

315 741 508 790 658-62,
534 742 622 776 671.
647 738 758 790 672),
789 742 912 786 palata
942 742 1161 777 animantum
1192 742 1322 777 similia
1344 752 1423 778 esse
1445 741 1563 778 sumit.
1617 742 1685 778 Vv.

312 795 433 829 autem
457 792 636 827 645-57
669 796 705 828 et
736 793 917 828 663—70
947 796 1071 839 palata
1102 794 1270 830 docemur
1300 793 1444 830 diversa
1470 804 1550 830 esse
1572 804 1686 839 eoque

312 844 390 880 fieri
419 847 459 881 ut
489 843 585 880 idem
616 844 717 881 cibus
746 844 828 880 aliis
854 845 988 891 dulcis,
1019 846 1099 881 aliis
1121 856 1265 881 amarus
1292 846 1459 882 videatur
1480 848 1543 882 aut
1570 846 1686 882 eidem

312 896 447 932 homini
471 896 624 933 diversis
646 897 880 943 temporibus.
924 898 1025 933 Haec
1047 897 1287 934 inconstantia
1308 898 1405 934 nullo
1427 898 1688 943 interpretandi

294 948 463 985 ‘artificio
495 949 674 985 delenitur
702 960 820 994 neque
852 952 950 985 recte
983 952 1175 985 excusatur
1208 961 1250 985 eo
1281 950 1377 994 quod
1399 950 1505 985 Lucr.
1528 949 1564 985 h.
1587 950 1624 997 l.,
1647 952 1688 985 ut

312 1002 429 1036 solent
446 1000 628 1048 Epicurei,
652 1000 741 1036 satis
763 1000 898 1037 habeat
920 1012 1100 1047 exponere
1124 1001 1210 1046 quid
1231 1001 1346 1046 possit
1368 1001 1464 1048 oriri,
1487 1003 1549 1043 aut
1566 1002 1688 1047 plures

313 1052 481 1098 disponat
504 1063 644 1100 causas,
669 1064 689 1088 e
713 1053 843 1098 quibus
864 1065 936 1089 una
961 1056 1083 1089 tamen
1104 1064 1191 1089 vera
1213 1053 1270 1088 sit.
1323 1054 1417 1089 Nam
1448 1064 1490 1089 eo
1512 1064 1583 1088 non
1605 1064 1687 1088 con-

311 1104 405 1150 fugit
432 1104 502 1139 nisi
530 1104 567 1139 in
597 1115 637 1139 re
669 1105 832 1151 obscura,
865 1116 945 1140 cum
973 1107 1131 1150 nequeat
1160 1105 1275 1153 „ratio
1299 1104 1496 1140 dissolvere
1519 1103 1687 1140 causam“

311 1153 377 1205 (IV
397 1152 501 1205 500).
518 1177 568 1181 —
586 1155 686 1201 Quae
709 1155 740 1191 si
761 1157 970 1205 probantur,
994 1160 1142 1203 propter
1162 1156 1334 1192 leviorem
1356 1157 1588 1194 offensionem
1607 1167 1687 1193 eum

311 1219 472 1256 versum,
505 1208 600 1244 unde
630 1208 784 1254 profecti
815 1220 947 1256 sumus,
980 1221 1051 1245 non
1083 1209 1411 1245 exterminabimus.
1486 1210 1542 1245 De
1572 1209 1687 1254 primo

311 1264 430 1296 autem
459 1260 535 1296 eius
556 1261 635 1296 loco
662 1271 734 1296 non
757 1263 812 1296 est
836 1260 932 1306 quod
954 1263 1067 1298 verba
1088 1260 1229 1297 faciam.

414 1312 817 1348 1548=1609=
845 1312 962 1348 1574

363 1368 446 1401 sunt
467 1365 579 1410 igitur
600 1364 716 1401 solida
738 1365 934 1410 primordia
957 1366 1186 1411 simplicitate

362 1414 394 1465 (Ι
417 1417 494 1451 574
520 1416 694 1462 pollentia
717 1415 885 1466 simplic.)

478 1465 564 1518 (Gn.
589 1469 650 1516 73,
674 1469 742 1504 To.
769 1468 857 1517 552,
880 1470 941 1506 ΒΥ.
966 1466 1069 1519 207).

308 1521 484 1557 Tentatur
518 1521 577 1556 hic
618 1533 653 1556 v.
690 1521 805 1566 primo
847 1524 985 1558 tantum
1019 1523 1098 1557 loco
1142 1522 1265 1567 ibique
1309 1533 1381 1557 una
1422 1533 1502 1557 cum
1548 1522 1684 1558 duobus

308 1573 625 1620 subsequentibus,
649 1573 709 1618 qui
731 1584 802 1608 non
823 1574 1010 1610 iterantur.
1065 1573 1217 1609 Probari
1247 1574 1341 1609 enim
1371 1573 1422 1609 ait
1453 1573 1522 1609 Gn.
1552 1573 1636 1609 inde
1664 1586 1686 1610 a

309 1637 342 1660 v.
367 1625 442 1660 503
467 1627 609 1661 exstare
629 1636 782 1670 corpora
803 1625 940 1673 solida;
972 1626 1066 1661 hunc
1098 1628 1217 1661 autem
1240 1636 1383 1662 versum
1406 1625 1685 1671 intellegendum

313 1688 393 1713 esse
427 1680 467 1712 ut
503 1676 635 1725 „sunt“
672 1688 743 1713 non
779 1677 870 1713 sicut
905 1678 941 1712 in
978 1690 1013 1713 v.
1039 1679 1113 1713 609
1141 1677 1289 1713 verbum
1325 1677 1586 1714 substantivum
1621 1677 1686 1713 sed

312 1730 441 1775 copula
463 1729 521 1765 sit.
575 1730 624 1765 At
655 1730 751 1765 inter
780 1730 979 1766 sententias
1011 1729 1233 1777 „primordia
1263 1733 1411 1766 aeterna
1446 1727 1612 1765 exstant“
1640 1732 1685 1765 et

312 1781 545 1829 „primordia,
569 1793 662 1827 quae
685 1785 839 1829 exstant,
864 1785 946 1818 sunt
966 1780 1139 1818 aeterna“
1163 1783 1297 1818 nullum
1319 1782 1372 1817 rei
1395 1781 1585 1817 discrimen
1608 1784 1684 1829 est;

309 1845 426 1879 neque
448 1834 555 1869 Lucr.
579 1834 657 1879 ipse
681 1845 743 1869 eas
765 1834 910 1870 videtur
931 1834 1151 1870 distinxisse.
1207 1833 1512 1878 Quemadmodum
1534 1834 1628 1869 enim
1647 1834 1684 1868 in

306 1886 551 1931 propositione
573 1886 590 1920 I
612 1885 707 1921 500:
730 1886 959 1931 expediemus

359 1948 438 1973 esse
461 1948 505 1973 ea
527 1949 620 1983 quae
643 1937 757 1974 solido
781 1940 889 1983 atque
911 1941 1059 1974 aeterno
1082 1948 1232 1982 corpore
1255 1940 1420 1973 constent

359 1990 497 2025 semina
520 2000 612 2035 quae
637 2016 645 2025 .
671 2016 679 2025 .
706 2017 713 2025 .
737 2000 856 2026 rerum
880 2000 959 2026 esse
979 1990 1147 2025 docemus
1171 2015 1179 2024 .
1205 2016 1213 2024 .
1239 2016 1248 2024 .
1389 2034 1392 2036 q

306 2042 519 2078 commixtae
541 2042 654 2078 latent
675 2042 896 2078 sententiae:
927 2041 1184 2089 „expediemus
1206 2041 1343 2077 semina
1364 2052 1482 2077 rerum
1510 2042 1626 2077 solida
1648 2045 1685 2077 et

305 2097 455 2130 aeterna
478 2093 583 2130 esse“
620 2097 656 2130 et
689 2093 944 2141 „expediemus
976 2096 1119 2129 exstare
1153 2104 1306 2138 corpora
1336 2094 1400 2128 sol.
1433 2095 1470 2128 et
1498 2092 1682 2140 aeterna“,

305 2146 358 2181 ita
400 2148 614 2191 argumenta
656 2146 832 2191 pleraque
874 2146 911 2181 in
953 2148 1144 2190 utrumque
1184 2145 1326 2180 modum
1367 2145 1482 2190 accipi
1523 2148 1683 2190 possunt.

306 2197 394 2233 Tria
428 2198 551 2242 priora
589 2197 699 2234 affero
734 2197 785 2233 ita
820 2200 858 2233 ut
893 2197 1091 2243 primordia
1131 2209 1153 2233 a
1168 2207 1188 2232 e
1205 2200 1220 2233 t
1239 2208 1259 2233 e
1275 2208 1294 2232 r
1308 2208 1332 2232 n
1352 2208 1374 2232 a
1417 2207 1496 2233 esse
1539 2197 1684 2242 probari

305 2252 447 2295 pateat:

393 2303 409 2337 I
433 2302 615 2337 503—10
638 2302 806 2347 quoniam
839 2313 991 2348 corpora
1021 2305 1058 2338 et
1085 2301 1192 2338 inane
1223 2304 1386 2349 exstant,
1420 2313 1571 2347 corpora
1602 2304 1684 2337 sunt

488 2387 490 2390 ,
633 2353 796 2390 solida.

373 2408 408 2442 II
432 2406 612 2443 511—19
636 2406 803 2452 quoniam
833 2406 869 2442 in
900 2407 1008 2442 rebus
1029 2406 1162 2452 genitis
1184 2406 1291 2441 inane
1313 2408 1378 2453 est,
1406 2405 1593 2441 materiam
1615 2405 1681 2441 cir-

635 2470 715 2494 cum
737 2458 940 2494 solidam
962 2469 1042 2494 esse
1057 2468 1206 2494 necesse
1229 2460 1303 2505 est;
1332 2469 1400 2493 nec
1415 2469 1474 2493 res
1489 2458 1563 2493 ulla
1576 2458 1681 2493 inane

632 2511 728 2546 intus
759 2511 894 2546 habere
924 2513 1024 2546 recte
1045 2511 1229 2556 probatur,
1258 2510 1289 2545 si
1323 2521 1396 2545 non
1419 2508 1515 2554 quod
1537 2508 1681 2546 cohibet

634 2562 833 2598 solidum
857 2573 936 2598 esse
959 2562 1155 2609 relinquas.
