1809 3046
784 214 982 248 „51—

189 318 269 352 erat
288 315 369 353 finis
390 318 455 363 „ut
476 316 728 356 necessitatem
751 315 949 363 effugeret“
970 313 1061 366 (Cic.
1085 319 1130 355 de
1151 321 1224 354 nat.
1252 318 1350 355 deor.
1370 319 1387 354 I
1403 319 1463 365 25,
1483 315 1561 368 69),

184 378 297 412 causa
318 367 477 404 efficiens
498 368 575 403 sive
597 368 758 404 condicio
782 368 973 408 declinatio
995 372 1193 406 atomorum
1215 367 1306 419 (Cic.
1329 371 1376 406 de
1398 371 1474 405 fato
1501 372 1559 417 10,

190 421 251 468 22,
275 417 328 469 3).
382 419 599 468 Sententiae,
622 431 728 466 quam
749 420 972 470 adumbravi,
995 432 1067 459 non
1093 422 1331 459 adversantur
1356 422 1561 469 fragmenta

188 472 491 519 Herculanensia3
520 484 603 508 nam
632 473 727 517 quod
749 473 976 518 Gompertius
1003 471 1122 522 (Neue
1142 475 1368 511 Bruchstiick
1388 476 1558 522 Epikurs,

188 522 293 559 Wien
317 523 389 558 187
394 520 433 571 6)
454 534 500 559 ex
521 523 574 559 eis
595 524 732 560 eruisse
753 524 823 560 sibi
843 525 1003 562 videtur:
1047 525 1215 572 „Epikur
1235 536 1311 561 war
1332 526 1431 561 nicht
1466 553 1475 562 .
1509 553 1518 562 .
1549 553 1557 562 .

187 575 475 623 Indeterminist3
498 586 539 611 er
559 587 635 611 war
655 576 715 612 ein
728 576 875 622 Gegner
896 576 961 617 des
982 577 1201 614 Fatalismus
1222 577 1323 613 nicht
1344 578 1408 614 des
1431 579 1557 615 Deter-

187 626 408 674 minismus“,
438 638 483 662 ex
512 628 564 663 eis
586 638 693 672 posse
714 628 950 669 demonstrari
976 629 1048 665 iam
1069 630 1230 665 Zellerus
1251 632 1362 674 negat
1383 627 1493 677 (Phil.
1522 631 1557 665 d.

188 677 334 715 Griech.
369 679 422 714 III
454 680 488 726 1,
520 679 596 714 424
630 679 714 715 adn.
750 676 803 728 4).
842 700 892 706 —-
932 680 1135 717 Oonciuunt
1168 692 1248 717 cum
1283 681 1346 716 illa
1383 681 1560 717 sententia

188 741 281 775 quae
301 731 428 815 7lzaucr.
458 731 497 766 in
527 732 551 766 l.
581 731 617 765 II
651 731 820 776 disputat.
887 733 1085 778 WoltJerus
1125 733 1203 778 ipse
1235 730 1312 782 (pg.
1349 730 1438 782 100)
1474 733 1560 769 citat

188 793 248 817 vv.
273 783 296 816 2
372 792 447 826 sq.:

237 833 360 869 Iamne
381 832 484 869 vides
505 832 617 878 igitur
639 844 853 879 quamquam
874 834 929 869 vis
950 838 1076 871 extera
1097 837 1227 871 multos

238 886 350 931 pellat
373 888 409 921 et
429 886 560 921 invitos
583 888 690 931 cogat
710 886 909 930 procedere
931 898 1040 932 saepe

237 937 525 982 praecipitesque
547 938 636 983 rapi,
659 940 779 972 tamen
801 948 909 973 esse
929 939 975 973 in
996 942 1191 983 pectore
1213 943 1375 974 nostro

240 987 457 1034 quiddam
485 988 607 1034 quod
634 992 798 1025 contra
821 1000 1030 1035 pugnare
1051 991 1340 1036 obstareque
1372 991 1554 1036 possit?

188 1041 260 1076 Sed
280 1041 317 1075 in
338 1042 363 1076 l.
385 1041 436 1076 IV
456 1041 551 1076 idem
573 1040 678 1076 homo
700 1040 825 1076 doctus
846 1041 982 1077 iudicat
1002 1042 1209 1079 Lucretium
1231 1043 1311 1088 cogi
1334 1043 1552 1078 voluntatem

185 1103 257 1128 non
277 1092 427 1129 liberam
450 1102 529 1128 esse
551 1091 669 1128 fateri.
724 1091 867 1140 „Nam“
889 1112 941 1118 —-
962 1093 1014 1129 ita
1035 1096 1307 1138 argumentatur
1336 1116 1371 1119 —
1401 1094 1457 1141 „si
1479 1105 1552 1129 am-

185 1145 311 1181 bulare
332 1145 434 1191 volo,
463 1144 653 1180 simulacra
682 1144 826 1180 meandi
854 1144 1007 1189 primum
1037 1146 1202 1181 accidere
1224 1145 1375 1182 debent:
1412 1156 1500 1191 ergo
1523 1146 1554 1180 si

186 1198 370 1243 „„contra
396 1206 559 1240 pugnare
594 1195 878 1240 obstareqne““'
899 1198 981 1231 volo
1003 1197 1039 1231 vi
1062 1198 1234 1243 extimae,
1267 1209 1359 1241 quae
1389 1208 1446 1232 me
1474 1208 1555 1241 pro-

183 1247 306 1294 pellit,
332 1246 485 1292 primum
508 1246 757 1281 simulacra
778 1247 1042 1282 resistendi
1063 1248 1099 1282 in
1122 1248 1277 1283 animum
1300 1258 1417 1283 meum
1447 1258 1555 1292 pene-

183 1303 280 1336 trare
302 1297 479 1346 debent“;
513 1310 584 1344 qua
613 1299 650 1334 in
671 1309 711 1334 re
733 1309 862 1335 vereor
882 1310 927 1335 ne
949 1299 1131 1344 paululum
1153 1301 1276 1345 lapsus
1298 1300 1356 1336 sit.
1412 1300 1554 1336 Etenim

185 1352 215 1387 si
237 1352 295 1387 cui
323 1351 515 1387 simulacra
543 1350 806 1386 resistendi
833 1351 997 1387 accidere
1018 1355 1189 1398 possunt,
1223 1355 1343 1397 potest
1363 1352 1551 1398 resistere3

184 1403 279 1450 quod
298 1403 329 1439 si
350 1406 478 1451 potest,
500 1414 572 1439 non
595 1402 744 1450 cogitur,
768 1413 856 1449 ergo
879 1403 970 1440 liber
993 1407 1058 1440 est.
1104 1403 1176 1440 Sed
1197 1415 1267 1440 non
1290 1415 1379 1449 opus
1403 1406 1458 1440 est
1479 1404 1552 1440 illis

183 1457 378 1492 simulac
389 1456 452 1491 ris
468 1455 670 1491 resistendi.
694 1455 787 1490 Nam
804 1456 849 1491 de
866 1456 1034 1492 libertate
1048 1457 1244 1491 voluntatis
1262 1457 1435 1500 doctrina,
1459 1467 1551 1501 quae

182 1508 220 1543 in
242 1507 266 1543 l.
290 1508 324 1542 Π
345 1510 526 1552 tamquam
548 1517 612 1543 suo
634 1508 713 1542 loco
736 1506 934 1555 exponitur,
958 1527 1009 1532 -—
1031 1506 1137 1543 fidem
1172 1508 1266 1543 enim
1289 1508 1385 1543 ducit
1407 1518 1451 1543 ex
1474 1510 1550 1543 ato-

182 1571 318 1595 morum
340 1559 580 1595 declinatione
608 1579 652 1583 ——
676 1559 714 1594 in
740 1559 763 1594 l.
787 1559 837 1594 IV
859 1569 914 1595 me
935 1559 1052 1595 iudice
1075 1570 1145 1594 non
1171 1560 1343 1604 tangitur.
1389 1559 1494 1603 Quod
1515 1563 1554 1595 ut

181 1611 342 1657 probem,
365 1621 424 1645 res
445 1612 552 1655 paulo
574 1610 682 1645 altius
703 1611 901 1654 repetenda
922 1613 990 1646 est.
1043 1612 1238 1655 Postquam
1268 1611 1352 1646 inde
1374 1622 1397 1645 a
1417 1622 1451 1645 v.
1476 1612 1552 1645 524

182 1662 340 1698 auditum
362 1672 526 1706 saporem
556 1661 701 1697 odorem
732 1661 889 1706 speeiem
918 1661 1047 1697 mentis
1073 1662 1323 1706 perceptiones
1346 1662 1551 1697 simulacro-

182 1726 260 1750 rum
282 1724 349 1758 ope
372 1713 542 1758 explicuit
562 1715 682 1759 poeta,
704 1724 739 1748 v.
764 1713 838 1747 877
861 1712 987 1748 eadem
1008 1714 1146 1749 ratione
1168 1714 1346 1749 incessum
1368 1714 1553 1750 declarare

181 1766 319 1810 incipit.
373 1765 550 1811 Primum,
581 1765 697 1809 inquit
721 1764 815 1811 881,
847 1765 1037 1800 simulacra
1063 1765 1206 1800 meandi
1236 1766 1403 1801 accidunt
1434 1765 1551 1800 animo

181 1820 304 1853 nostro
331 1827 481 1861 eumque
502 1816 646 1862 pulsant
666 1812 775 1865 (quae
794 1819 988 1861 sequuntur
1011 1817 1097 1852 883.
1122 1817 1164 1852 4:

232 1870 316 1905 inde
337 1870 502 1905 voluntas
524 1868 583 1904 fit:
607 1878 723 1913 neque
746 1868 840 1904 enim
860 1868 980 1904 facere
1002 1869 1127 1914 incipit
1147 1870 1257 1905 ullam

232 1931 307 1956 rem
332 1921 530 1966 quisquam,
559 1931 666 1965 quam
686 1930 787 1955 mens
808 1920 966 1964 providit
987 1921 1073 1965 quid
1093 1921 1182 1955 velit
1204 1924 1287 1955 aute

181 1972 229 2010 ad
250 1975 390 2019 tempus
414 1968 573 2021 omitto),
607 1982 695 2018 ergo
722 1971 861 2008 animus
893 1982 971 2007 cum
1002 1982 1083 2008 sese
1104 1972 1156 2007 ita
1177 1974 1377 2007 commovet
1398 1974 1437 2006 ut
1463 1970 1552 2007 velit

181 2027 245 2071 ire,
269 2025 352 2060 ferit
374 2025 514 2060 animae
536 2025 609 2059 vim
629 2035 696 2069 per
717 2024 877 2060 membra
898 2027 934 2059 et
955 2028 1054 2060 artus
1076 2024 1248 2060 dissitam.
1292 2024 1380 2059 Inde
1402 2034 1448 2058 ea
1469 2035 1550 2068 pro-

180 2087 287 2122 porro
310 2086 438 2120 corpus
461 2076 554 2122 ferit,
577 2078 684 2119 atque
714 2075 766 2109 ita
789 2076 867 2109 tota
886 2076 998 2110 moles
1025 2078 1199 2115 movetur.
1253 2076 1449 2109 Praeterea
1476 2078 1550 2109 tum

181 2139 310 2174 corpus
331 2128 502 2175 rarescit,
535 2130 570 2164 et
600 2130 664 2163 aer
692 2126 833 2163 mobilis
854 2126 892 2162 in
914 2126 1089 2163 foramina
1111 2126 1187 2163 eius
1216 2129 1402 2174 penetrat,
1431 2128 1468 2163 et
1494 2124 1551 2162 his

182 2182 319 2222 duabus
349 2182 456 2216 rebus
485 2191 613 2226 corpus
642 2183 682 2215 ut
709 2180 811 2215 navis
841 2179 931 2214 velis
965 2183 1142 2224 ventoque
1177 2179 1301 2214 fertur.
1338 2201 1387 2204 —
1422 2179 1463 2214 In
1493 2179 1550 2214 his

181 2231 268 2267 nihil
317 2231 362 2266 de
404 2232 570 2266 libertate
622 2233 684 2265 aut
725 2231 952 2266 necessitate.
1035 2232 1162 2274 Neque
1218 2231 1312 2265 enim
1356 2230 1550 2275 quaeritur,

180 2286 299 2321 utrum
342 2283 540 2329 simulacris
582 2293 752 2330 cogamur
801 2293 922 2321 meare
966 2293 1012 2318 an
1058 2283 1109 2319 eis
1154 2282 1331 2329 possimus
1366 2282 1549 2330 resistere,

182 2336 246 2378 sed
280 2337 422 2381 ponitur
453 2347 520 2371 nos
552 2336 677 2371 velle
712 2336 784 2382 ire3
822 2336 867 2370 de
902 2336 1041 2371 ratione
1071 2335 1182 2380 igitur
1203 2336 1280 2370 sive
1308 2335 1352 2370 de
1378 2334 1550 2370 facultate

180 2387 322 2432 meandi
358 2387 487 2432 agitur.
541 2387 758 2423 Luculenter
786 2386 853 2422 hoc
883 2388 1081 2423 illustratur
1110 2387 1213 2422 navis
1244 2386 1426 2433 exemplo,
1457 2396 1550 2430 quae

181 2441 308 2477 velis
334 2441 568 2485 ventoque
602 2438 726 2476 fertur.
779 2440 872 2476 Nam
903 2450 949 2476 ne
976 2438 1035 2475 hic
1066 2438 1209 2485 quidem
1238 2437 1437 2485 quaeritur,
1466 2449 1550 2474 num

182 2503 253 2536 qua
274 2492 329 2527 vis
356 2502 485 2527 navem
519 2491 555 2525 in
591 2491 807 2526 contrariam
843 2494 984 2535 partem
1018 2492 1196 2535 repellere
1223 2490 1355 2537 possit,
1387 2491 1452 2525 sed
1482 2490 1550 2525 hoc

181 2554 288 2579 unum
311 2542 509 2579 affirmatur
533 2553 613 2578 eam
633 2542 723 2578 velis
744 2545 922 2587 ventoque
943 2552 1051 2588 posse
1071 2541 1232 2588 provehi.
1276 2541 1332 2577 Ne
1354 2552 1440 2577 vero
1465 2541 1549 2576 inde

182 2595 357 2633 efficiatur
385 2596 456 2632 illis
487 2595 686 2631 simulacris
720 2606 785 2631 nos
805 2595 887 2640 cogi
914 2598 976 2631 aut
997 2594 1214 2631 voluntatem
1238 2594 1409 2641 excitari,
1441 2597 1550 2639 poeta
