1809 3046
775 202 977 236 „53-

196 307 388 340 naturae
410 305 508 341 illam
531 316 674 341 caecam
696 307 733 340 et
759 305 916 341 abditam
939 305 1012 340 vim
1033 305 1292 352 attribuerent3
1315 305 1440 341 Munro
1463 303 1560 340 deni-

196 367 265 401 que
294 356 412 402 Baylii
442 358 627 402 amplexus
658 357 871 393 sententiam
908 358 1006 393 illam
1043 357 1318 393 inconstantiam
1356 357 1440 392 inde
1480 367 1560 401 pro-

195 407 327 444 fectam
349 418 429 444 esse
449 409 650 454 suspicatur
671 409 766 454 quod
788 410 894 445 Lucr.
918 411 1114 445 commotus
1150 409 1195 444 sit
1230 409 1383 455 casibus,
1421 409 1561 453 qualem

195 462 368 496 memoret
399 460 524 495 Cicero
552 461 590 496 in
618 461 738 496 Pison.
770 462 821 495 44
843 458 905 509 (M.
928 461 1139 507 Marcellus,
1172 461 1232 505 qui
1254 463 1312 495 ter
1333 461 1457 496 consul
1483 460 1562 505 fuit,

196 521 332 546 summa
346 511 477 547 virtute
498 511 634 556 pietate
655 512 773 556 gloria
793 512 939 547 militari
960 512 1069 557 periit
1089 512 1126 546 in
1139 512 1241 546 mari.
1265 512 1311 547 cf.
1333 512 1413 546 Liv.
1430 523 1486 556 ep.
1503 509 1561 559 L).

195 582 247 588 -
276 562 375 598 Nulli
403 565 522 598 tamen
551 574 698 608 prorsus
723 563 934 609 adstipulor.
988 563 1082 599 Nam
1110 563 1217 599 etiam
1246 562 1314 598 hoc
1343 563 1422 598 loco
1454 563 1560 598 Lucr.

196 625 273 650 cum
297 614 443 659 exponit
463 615 558 650 unde
578 615 707 660 religio
730 618 809 650 orta
830 616 887 662 sit,
915 616 954 650 id
974 615 1198 660 potissimum
1220 625 1330 659 agere
1353 614 1493 649 videtur
1523 617 1563 648 ut

194 664 373 701 hominum
394 665 531 701 animos
555 677 577 701 a
598 668 695 702 metu
715 666 883 702 vindicet,
932 667 971 703 Si
992 667 1064 702 iam
1086 667 1164 711 ipse
1187 668 1363 701 statueret
1389 668 1451 700 aut
1472 664 1563 700 fati

194 719 267 753 vim
294 720 356 753 aut
376 720 526 753 naturae
549 718 758 753 abditam
780 719 870 765 vim,
902 730 994 763 quae
1024 730 1094 754 non
1125 718 1241 753 minus
1267 727 1438 762 pavorem
1468 716 1562 751 exci-

193 772 271 805 tare
293 772 431 814 posset:
464 780 582 805 nonne
610 769 705 805 viam
734 770 802 805 sibi
831 770 1034 806 obstrueret
1060 770 1108 805 ad
1139 769 1324 804 consilium
1351 769 1439 803 illud
1462 778 1563 803 exse-

195 821 390 867 quendum,
425 821 564 856 etiamsi
593 821 813 866 populariter
845 818 1009 857 diceret?
1063 821 1143 865 Qua
1174 821 1219 855 de
1256 831 1365 856 causa
1401 819 1563 855 existimo

193 872 401 908 Lucretium
420 871 455 907 h.
478 873 502 908 l.
526 872 646 908 dicere
668 873 759 908 sicut

245 935 294 971 VI
319 935 368 969 70
390 945 468 980 sqq.
504 933 662 970 delibata
697 934 802 969 deum
836 945 919 979 per
952 937 996 969 te
1031 934 1098 969 tibi
1127 934 1271 968 numina
1302 936 1425 968 sancta

504 997 613 1031 saepe
636 986 807 1032 oberunt3
835 997 905 1021 non
929 997 998 1031 quo
1021 986 1149 1021 violari
1172 996 1309 1021 summa
1331 986 1435 1020 deum
1457 985 1512 1020 vis

503 1039 627 1083 possit,
650 1040 691 1072 ut
713 1048 759 1072 ex
776 1037 830 1072 ira
851 1048 987 1082 poenas
1010 1039 1133 1082 petere
1155 1037 1304 1073 imbibat
1326 1037 1433 1083 acris,

504 1089 568 1125 sed
589 1089 674 1134 quia
694 1090 798 1124 tute
819 1088 887 1125 tibi
908 1089 1052 1134 placida
1074 1099 1151 1124 cum
1175 1099 1265 1133 pace
1289 1088 1427 1133 quietos

505 1140 776 1176 constitues
804 1151 953 1186 magnos
983 1141 1117 1176 irarum
1148 1141 1293 1176 volvere
1322 1140 1448 1176 fluctus
1480 1143 1562 1175 cett.

193 1203 334 1238 Revera
373 1202 483 1246 igitur
520 1202 583 1237 illa
618 1202 673 1237 vis
714 1200 859 1248 abdita,
904 1213 1010 1246 quam
1056 1202 1199 1246 quidem
1234 1206 1342 1247 poeta
1375 1202 1453 1246 ipse
1493 1212 1563 1237 non

193 1253 366 1300 agnoscit,
390 1254 458 1290 etsi
476 1274 520 1279 —
538 1253 596 1289 vel
617 1253 736 1299 potius
758 1263 801 1289 eo
824 1253 920 1299 quod
946 1274 989 1278 —
1014 1253 1170 1301 fingitur,
1193 1265 1251 1290 res
1273 1254 1445 1290 humanas
1464 1255 1562 1299 opte-

195 1307 242 1341 rit
262 1316 375 1350 usque
397 1306 487 1342 adeo
509 1309 549 1341 ut
571 1307 628 1341 vel
649 1305 844 1350 imperator
864 1306 899 1340 in
922 1306 1014 1341 mari

248 1368 326 1393 cum
349 1357 477 1393 validis
498 1357 633 1402 pariter
654 1357 856 1402 legionibus
878 1360 986 1402 atque
1010 1357 1209 1402 elephantis

197 1409 284 1445 deos
313 1410 480 1454 precibus
512 1408 659 1455 fatiget3
692 1409 753 1453 qui
784 1419 863 1444 cum
891 1408 1119 1444 nihilominus
1148 1409 1322 1455 intereat,
1353 1409 1391 1444 id
1414 1408 1563 1444 consilio

196 1461 350 1505 quodam
373 1464 409 1495 et
430 1461 583 1495 ludibrio
611 1461 688 1495 sive
710 1460 775 1494 fati
804 1460 881 1495 sive
910 1461 1057 1495 deorum
1084 1460 1162 1495 fieri
1184 1460 1383 1496 hominibus
1409 1460 1562 1495 videtur.

196 1509 222 1560 (.
247 1539 255 1547 .
281 1539 289 1547 .
313 1511 446 1547 obterit
463 1511 573 1557 igitur
597 1511 652 1545 vis
675 1510 799 1547 abdita
820 1521 912 1556 quae
935 1511 1103 1557 creditur,
1126 1512 1202 1547 sive
1220 1512 1358 1558 religio,
1383 1537 1392 1546 .
1417 1538 1425 1546 .
1451 1538 1459 1545 .
1482 1522 1563 1555 pro-

196 1565 338 1599 culcare
360 1566 478 1599 autem
505 1563 650 1598 videtur
670 1562 725 1597 vis
755 1562 878 1598 abdita
900 1560 1007 1612 ipsa).
1062 1563 1164 1607 Quod
1198 1564 1229 1599 si
1258 1565 1449 1608 probatur,
1483 1573 1562 1597 sen-

196 1615 308 1650 tentia
330 1614 432 1650 huius
454 1614 524 1649 loci
545 1625 616 1649 non
637 1614 688 1648 ita
709 1614 854 1649 diversa
868 1617 923 1649 est
944 1615 990 1650 ab
1013 1625 1056 1649 ea
1078 1626 1170 1659 quae
1192 1615 1374 1650 antecedit
1397 1615 1428 1649 V
1445 1616 1561 1648 1218:

196 1667 333 1702 animus
357 1665 577 1702 contrahitur
598 1664 844 1701 formidine
867 1665 998 1701 divum.
1043 1662 1104 1715 (cf.
1136 1667 1153 1700 Ι
1176 1667 1237 1701 62.
1261 1667 1283 1701 3
1312 1665 1466 1701 humana
1488 1666 1564 1701 vita

196 1719 338 1755 iacebat
372 1729 546 1764 oppressa
580 1717 684 1763 gravi
719 1717 785 1754 sub
820 1718 1085 1766 religione,
1122 1720 1138 1753 I
1163 1720 1183 1753 7
1189 1720 1223 1754 8.
1250 1720 1271 1753 9
1305 1729 1399 1754 nunc
1435 1718 1563 1763 religio

195 1770 352 1806 vicissim
376 1770 570 1816 opteritur,
604 1767 801 1816 „optrivit“
823 1769 935 1814 igitur
957 1773 1065 1806 antea
1086 1770 1166 1815 ipsa
1193 1797 1202 1805 .
1227 1797 1236 1804 .
1261 1797 1289 1816 .,
1325 1771 1342 1804 Ι
1368 1770 1438 1804 151
1470 1769 1563 1805 for-

194 1822 310 1858 mido
333 1822 494 1858 mortalis
516 1821 674 1857 continet
695 1818 839 1869 omnis).
863 1842 912 1847 --
935 1821 1109 1866 Quoniam
1132 1821 1215 1858 ficta
1237 1825 1291 1857 est
1311 1821 1374 1857 illa
1391 1824 1563 1868 potestas,

195 1876 360 1910 voluntas
395 1885 439 1910 ea
473 1885 542 1909 non
578 1876 784 1921 coercetur3
815 1876 914 1910 reete
948 1875 1060 1920 igitur
1086 1874 1138 1909 illi
1160 1885 1286 1910 versus
1309 1885 1331 1909 a
1354 1874 1565 1919 quaestione

197 1927 241 1962 de
264 1927 457 1962 voluntatis
478 1927 644 1962 libertate
676 1927 912 1971 segregantur
928 1923 968 1974 ¹).

300 1979 375 2014 Iam
410 1981 634 2014 transeamus
669 1977 716 2012 ad
742 1977 889 2023 Epicuri
923 1977 969 2014 de
1003 1977 1248 2024 magnitudine
1279 1978 1365 2014 solis
1393 1981 1428 2013 et
1459 1978 1564 2013 lunae

196 2031 422 2077 sententiam,
446 2042 552 2075 quam
574 2028 769 2073 Woltjerus
790 2040 851 2074 pg.
878 2029 950 2064 125
975 2033 1097 2066 censet
1117 2042 1140 2065 a
1161 2030 1327 2065 Lucretio
1350 2030 1387 2064 in
1409 2030 1432 2064 l.
1448 2030 1480 2064 V
1494 2040 1564 2064 non

300 2173 335 2212 1)
355 2172 473 2204 Munro
496 2181 586 2204 suam
608 2170 804 2202 sententiam
825 2170 939 2203 fulcire
962 2171 1072 2203 studet
1093 2182 1141 2203 vv.
1163 2172 1209 2203 VI
1231 2172 1272 2203 29

258 2213 334 2253 quid
358 2237 364 2244 .
389 2238 395 2244 .
420 2237 427 2244 .
449 2213 528 2245 mali
549 2213 636 2245 foret
654 2212 689 2243 in
710 2212 806 2244 rebus
827 2212 1011 2244 mortalibu'
1033 2212 1153 2253 passim

257 2255 341 2295 quod
361 2254 456 2287 fieret
475 2254 618 2287 naturali
638 2252 789 2294 varieque
810 2253 936 2286 volaret

258 2306 315 2329 seu
337 2305 432 2329 casu
452 2305 510 2328 seu
532 2296 572 2336 vi,
595 2295 679 2336 quod
700 2295 748 2328 sic
768 2297 886 2328 natura
905 2298 1060 2337 parasset.

195 2338 258 2371 Sed
280 2338 429 2379 quoniam
453 2342 579 2376 ,αιδην
604 2336 764 2370 naturalis
785 2337 918 2376 dicitur,
946 2337 987 2370 de
1024 2337 1084 2370 fati
1105 2337 1240 2377 quadam
1260 2337 1301 2377 vi,
1324 2347 1405 2378 quae
1427 2340 1564 2370 naturae

194 2380 328 2413 foedera
349 2382 494 2421 rumpat,
522 2380 575 2412 vix
603 2379 681 2412 licet
702 2378 855 2419 cogitare.
898 2379 988 2420 Ergo
1014 2381 1042 2411 si
1067 2379 1152 2412 forte
1180 2390 1247 2412 non
1277 2389 1357 2420 opus
1388 2379 1431 2411 sit
1459 2380 1564 2412 Lach-

195 2423 305 2454 manni
326 2421 569 2461 emendatione,
623 2422 656 2453 ui
682 2431 709 2453 v.
738 2421 779 2453 31
813 2425 944 2458 ,ωηεν
975 2421 1137 2462 reposuit,
1168 2424 1279 2453 tamen
1308 2421 1474 2454 sententia
1501 2422 1565 2454 alia

195 2463 301 2496 verbis
327 2473 393 2496 non
421 2463 549 2495 videtur
576 2472 615 2495 su
637 2472 718 2496 esse.
769 2462 1005 2495 Locutionibus
1031 2465 1142 2495 autem
1168 2463 1278 2503 quales
1308 2465 1386 2495 sunt
1415 2463 1564 2501 „fortuna

194 2505 397 2546 gubernansu
428 2505 459 2537 V
481 2505 540 2538 107
562 2505 674 2546 (saepe
709 2506 846 2542 „natura
874 2504 1102 2545 gubernans“),
1134 2503 1216 2545 „fati
1243 2504 1419 2545 protollere
1449 2504 1561 2544 fines“‚

195 2547 279 2587 quod
306 2547 377 2587 ipse
404 2549 501 2588 poeta
534 2546 775 2587 interpretatur
802 2546 975 2586 „adversus
1001 2548 1137 2580 naturae
1166 2545 1298 2579 foedera
1326 2546 1408 2578 niti“
1437 2547 1466 2578 V
1490 2547 1562 2587 309,

194 2598 261 2621 non
283 2588 423 2621 alienam
443 2590 576 2630 praeter
596 2591 732 2621 naturae
753 2587 818 2620 vim
838 2587 1001 2620 introduci
1021 2587 1074 2620 vix
1096 2589 1148 2620 est
1168 2587 1253 2629 quod
1273 2597 1430 2621 moneam.
