1809 3046
538 887 836 938 Sententiae
876 895 1245 938 controversae.

313 1028 346 1061 1.
370 1025 572 1060 Lucretium
595 1024 612 1058 Ι
635 1023 722 1060 255.
747 1025 769 1059 6
794 1024 980 1069 scripsisse
1001 1026 1106 1068 puto:

257 1077 341 1112 hinc
363 1078 477 1112 laetas
500 1077 608 1111 urbes
630 1076 750 1120 pueris
776 1076 907 1111 florere
929 1076 1104 1121 videmus,

257 1129 544 1173 frondiferasque
566 1128 669 1164 novis
692 1128 819 1164 avibus
844 1130 1036 1164 scatere
1059 1127 1216 1173 undique
1248 1128 1358 1163 silvas
1389 1124 1563 1228 (traditur)
1567 1139 1575 1162 ε

1419 1191 1547 1215 canere
1568 1207 1575 1215 .

310 1264 345 1298 2.
371 1264 628 1309 Argumentum
663 1272 829 1297 versuum
865 1263 970 1297 Lucr.
1007 1262 1022 1295 I
1060 1262 1133 1297 859
1164 1273 1243 1307 sqq.
1280 1262 1457 1307 integrum
1493 1262 1577 1297 mihi

206 1316 347 1352 videtur
370 1319 405 1352 et
427 1327 552 1351 versus
574 1315 643 1360 ipsi
665 1315 700 1349 in
723 1314 816 1349 hunc
837 1315 978 1350 modum
1002 1314 1265 1360 distinguendi:

363 1368 525 1413 quoniam
550 1367 649 1402 cibus
671 1369 780 1411 auget
801 1377 930 1411 corpus
952 1366 1086 1410 alitque

258 1420 333 1454 860
361 1420 452 1456 scire
475 1420 560 1454 licet
581 1418 683 1454 nobis
705 1429 817 1454 venas
839 1421 875 1453 et
897 1429 1057 1463 sanguen
1081 1421 1116 1453 et
1144 1429 1236 1463 ossa,

257 1473 331 1506 861
361 1473 436 1508 sive
460 1472 558 1507 cibos
573 1471 686 1506 omnis
709 1470 896 1505 commixto
920 1481 1069 1515 corpore
1092 1471 1211 1505 dicent
1256 1471 1258 1473 ’

360 1534 440 1559 esse
463 1526 498 1558 et
519 1523 653 1558 habere
675 1522 711 1556 in
734 1533 772 1557 se
795 1529 983 1567 nervorum
1008 1533 1159 1567 corpora
1180 1533 1293 1567 parva

360 1587 513 1620 ossaque
537 1578 572 1610 et
595 1575 735 1609 omnino
758 1584 869 1610 venas
892 1575 1076 1619 partisque
1096 1575 1243 1621 cruoris,

358 1627 419 1664 fiet
440 1628 491 1662 uti
514 1627 613 1662 cibus
636 1627 761 1672 omnis,
786 1629 821 1661 et
843 1626 963 1662 aridus
991 1630 1027 1662 et
1048 1627 1223 1673 liquor,
1246 1627 1325 1671 ipse

257 1679 331 1714 865
361 1690 405 1714 ex
424 1679 635 1724 alienigenis
663 1679 770 1714 rebus
794 1681 958 1713 constare
983 1681 1138 1723 putetur.
1313 1693 1322 1698 ·

266 1792 270 1795 ,
308 1763 343 1797 3.
366 1763 471 1797 Lucr.
497 1763 531 1796 II
554 1762 602 1795 23
631 1761 855 1805 parenthesis
878 1761 1019 1796 videtur
1042 1762 1271 1806 agnoscenda
1294 1773 1374 1798 esse
1398 1774 1464 1798 nec
1491 1774 1575 1798 vero

203 1815 395 1859 quidquam
415 1814 638 1849 mutandum:

253 1867 392 1911 gratius
415 1866 509 1901 inter
532 1866 613 1900 dum
637 1886 686 1890 ——
707 1875 824 1910 neque
842 1869 971 1901 natura
992 1865 1072 1910 ipsa
1094 1866 1244 1910 requirit
1275 1888 1326 1892 —

254 1919 283 1953 si
305 1929 375 1952 non
398 1928 509 1953 aurea
531 1920 612 1952 sunt
633 1917 799 1951 iuvenum
823 1917 1012 1952 simulacra
1036 1944 1044 1952 .
1070 1944 1079 1952 .
1106 1945 1114 1952 .

304 2002 392 2037 Item
416 2000 520 2036 Lucr.
544 2001 595 2035 ΙΙΙ
612 2000 686 2035 790
708 1995 755 2048 (V
773 1996 861 2049 134)
885 2000 1061 2045 scriptura
1083 2000 1253 2036 librorum
1276 2001 1413 2036 servari
1441 2004 1571 2048 potest,

202 2055 232 2090 si
256 2056 368 2090 verba
388 2054 440 2088 ita
463 2052 746 2097 distinguuntur:

522 2105 630 2140 animi
652 2107 780 2140 natura
802 2104 925 2149 nequit
949 2105 1025 2140 sine
1045 2116 1194 2151 corpore
1217 2105 1302 2140 oriri

358 2159 435 2193 sola
461 2168 577 2202 neque
599 2168 622 2192 a
644 2157 763 2192 nervis
787 2159 822 2191 et
845 2157 1019 2202 sanguine
1041 2158 1197 2202 longiter
1218 2169 1320 2205 esse3

255 2211 330 2245 790
357 2209 453 2254 quod
474 2230 525 2234 ——
548 2209 578 2245 si
601 2211 725 2254 posset
745 2208 838 2243 enim
862 2230 910 2234 —
934 2209 1042 2244 multo
1065 2210 1163 2254 prius
1187 2210 1266 2254 ipsa
1288 2210 1396 2245 animi
1418 2211 1471 2246 vis

355 2261 392 2296 in
415 2262 531 2307 capite
553 2264 614 2296 aut
635 2261 766 2296 umeris
791 2286 799 2295 .
825 2288 832 2296 .
859 2287 867 2296 .
891 2271 971 2297 esse
995 2258 1000 2310 Ι
1025 2264 1158 2306 posset.

305 2346 342 2380 4.
365 2345 471 2380 Lucr.
492 2344 527 2379 Π
550 2344 626 2379 284
647 2344 812 2389 legatur:

254 2407 366 2443 quare
383 2397 420 2432 in
439 2396 632 2433 seminibus
655 2407 796 2442 quoque
817 2397 927 2432 item
949 2396 1086 2432 fateare
1109 2400 1292 2433 necessest

254 2461 334 2486 esse
357 2449 463 2485 aliam
486 2451 630 2494 praeter
650 2450 778 2494 plagas
802 2476 810 2484 .
901 2460 1043 2485 causam
1069 2447 1073 2496 Ι
1097 2450 1261 2485 motibus.

291 2532 341 2593 .⁵·
367 2533 473 2569 Lucr.
495 2533 530 2567 II
553 2532 627 2567 982
651 2525 843 2578 requiritur
872 2533 968 2578 quod
997 2531 1182 2570 familiaris
1213 2533 1357 2579 quidam
1379 2534 1464 2569 mihi
1487 2546 1568 2580 pro-

199 2587 335 2673 poiffilte·
356 2637 470 2672 haec
493 2648 537 2672 ex
560 2637 639 2673 aliis
664 2647 838 2682 nusquam
860 2637 1056 2673 consistere
1078 2641 1116 2673 ut
1137 2637 1233 2674 ausis
1252 2635 1421 2687 (traditur
1438 2640 1481 2674 al
1489 2638 1528 2689 i).
