1809 3046
832 178 1037 212 -10—

247 277 269 298 '³‘
284 278 332 311 VI
355 277 417 312 56.
442 279 476 323 7,
517 279 539 300 ὓ
555 278 616 313 90.
642 279 712 325 913
748 278 869 323 itaque
904 279 1025 314 miseri
1060 281 1097 314 in
1132 284 1271 315 terrore
1306 290 1348 315 ac
1383 278 1543 314 tenebris
1578 289 1617 314 se

248 329 396 363 volvunt
420 326 526 377 (haec
541 331 720 365 sententia
734 331 768 364 in
793 331 948 365 exordiis
970 330 1046 366 fere
1069 332 1222 367 omnium
1245 332 1414 375 librorum
1437 327 1617 377 recurrit).

248 381 351 414 Hunc
382 383 554 416 terrorem
583 383 822 425 tenebrasque
854 381 961 416 animi
994 393 1141 418 necesse
1165 386 1219 418 est
1250 384 1386 427 pellant
1424 393 1494 417 non
1525 380 1641 416 radii·

247 432 334 466 solis
366 432 431 467 sed
459 433 598 477 species
629 436 780 468 naturae
811 433 973 477 ratioque
996 430 1172 482 (ibidem).
1229 435 1331 469 Hanc
1359 434 1453 469 viam
1483 433 1617 478 primus

247 484 388 527 aperuit
418 485 594 528 Epicurus
630 485 735 519 dictis
771 495 840 519 non
876 485 983 519 armis
1022 486 1039 519 Ι
1062 486 1110 519 66
1127 496 1228 531 sqq.,
1265 486 1296 520 V
1319 486 1367 519 49
1384 495 1463 530 sqq.
1530 485 1618 519 Eius

247 534 323 579 ipse
362 547 485 580 premo
521 536 674 580 vestigia
709 536 761 570 111
787 537 804 569 1
823 547 903 581 sqq.
946 536 977 571 V
999 536 1047 571 55
1064 548 1165 583 sqq.,
1201 537 1236 571 in
1268 537 1465 581 primisque
1496 546 1617 581 reper—

247 589 304 621 tus
349 598 444 632 sum,
492 588 552 632 qui
589 587 808 622 Graecorum
850 591 1044 633 praecepta
1079 588 1216 624 Latinis
1252 588 1366 623 literis
1403 588 1618 623 illustrarem

247 640 261 671 Ι
285 639 359 672 926
376 650 468 683 sqq.,
491 640 513 661 ἃ
525 640 572 674 IV
599 641 616 673 1
635 651 726 685 sqq.,
751 641 782 673 V
798 640 871 673 335
889 651 968 684 sqq.
1007 640 1160 674 Difficile
1176 640 1243 674 hoc
1258 651 1384 674 munus
1400 643 1455 675 est
1471 643 1618 684 propter

246 693 444 732 egestatem
460 691 603 735 linguae
620 694 655 726 et
670 702 788 726 rerum
803 692 997 726 novitatem
1011 693 1027 726 Ι
1043 692 1205 737 136-9,
1222 692 1295 725 832
1312 701 1405 737 sqq.,
1419 691 1448 725 V
1464 691 1510 725 97
1524 701 1617 736 sqq„

246 741 291 775 cf.
314 742 368 775 111
392 743 479 777 260.
527 742 631 785 Quod
654 743 797 786 quidem
820 743 856 777 in
880 743 946 778 hoc
969 744 1100 778 mundo
1122 743 1184 777 fiat
1208 746 1341 777 certum
1364 743 1448 787 poni
1471 743 1532 776 vix
1555 753 1617 786 po-

246 795 338 838 test,
362 793 424 827 sed
450 794 536 837 quid
558 794 673 837 possit
696 794 781 828 oriri
813 820 821 827 .
847 820 855 828 .
882 820 889 828 .
919 794 956 828 id
990 794 1101 829 doceo
1128 796 1321 838 pluresque
1344 805 1475 838 sequor
1498 793 1614 837 dispo-

245 854 331 879 nere
355 855 493 889 causas,
524 856 674 890 quarum
705 856 775 880 una
804 848 922 880 tamen
944 856 1032 881 vera
1054 846 1100 881 sit
1128 846 1158 880 V
1182 845 1372 892 526—33,
1398 846 1445 880 VI
1469 845 1555 880 703.
1580 845 1615 880 4.

349 897 425 931 Has
457 901 493 932 et
523 897 579 932 his
607 897 740 932 similes
770 898 966 932 sententias
997 918 1046 922 —
1069 897 1176 933 etiam
1206 901 1351 941 praeter
1381 898 1499 943 locos,
1528 908 1617 941 quos

244 949 395 983 attuli-
423 949 567 993 saepius
582 959 767 984 recurrere
780 960 849 984 11011
873 949 1035 984 mirabile
1058 952 1131 996 est3
1156 952 1192 984 at
1223 949 1398 984 interdum
1414 949 1522 984 etiam
1545 949 1614 983 sin-

244 1000 387 1044 gulares
410 1002 623 1048 sententiae,
649 1012 741 1045 quae
764 1000 808 1035 ad
832 1002 1035 1036 universum
1067 1012 1208 1036 carmen
1241 1001 1356 1035 minus
1378 1001 1518 1047 valent,
1550 1000 1615 1035 ite-

244 1055 380 1087 rantur.
418 1053 499 1087 Non
523 1052 603 1087 dico
627 1053 787 1087 diversas
811 1052 1072 1088 confutationes
1095 1056 1130 1088 et
1153 1052 1408 1097 explicationes
1432 1063 1475 1086 ex
1492 1052 1616 1087 eodem

244 1104 387 1147 saepius
417 1107 626 1148 argumento
659 1104 816 1139 derivari
848 1125 897 1129 -—
931 1105 1027 1138 velut
1050 1105 1220 1148 dogmata
1242 1104 1416 1138 Heracliti
1439 1104 1614 1147 Empedo-

244 1155 310 1189 clis
341 1158 542 1190 ceterorum
573 1155 877 1200 philosophorum,
908 1156 967 1198 qui
991 1166 1060 1189 uon
1088 1158 1226 1190 atomos
1250 1159 1284 1189 et
1306 1155 1412 1189 inane
1434 1158 1615 1198 tamquam

244 1206 422 1250 principia
450 1217 569 1241 rerum
592 1210 797 1252 posuerunt,
828 1206 953 1240 eadem
976 1206 1043 1240 hac
1066 1206 1203 1241 ratione
1224 1216 1383 1241 seorsum
1404 1206 1616 1240 refelluntur

246 1258 353 1304 quod,
378 1261 416 1293 ut
440 1269 484 1293 ex
507 1259 647 1293 illorum
671 1258 854 1293 elementis
877 1269 935 1293 res
958 1259 1130 1304 oriantur,
1154 1269 1197 1293 ea
1218 1258 1298 1303 ipsa
1321 1260 1509 1304 mutentur,
1541 1269 1613 1293 mu-

243 1310 379 1345 tatione
417 1313 537 1345 autem
574 1309 825 1356 conficiantur,
870 1310 962 1345 ratio
1008 1321 1150 1354 quoque
1192 1310 1413 1345 Avernorum
1459 1310 1613 1344 locorum

245 1362 292 1396 VI
315 1363 391 1396 830
407 1373 486 1407 sqq.
511 1366 547 1397 et
568 1363 746 1406 Magnetis
770 1362 900 1406 lapidis
923 1362 971 1396 VI
997 1363 1094 1396 1002
1111 1372 1190 1406 sqq.
1221 1363 1347 1397 eadem
1378 1372 1458 1396 esse
1486 1361 1617 1396 dicitur

243 1425 292 1448 sc.
326 1414 421 1458 quod
458 1417 496 1449 111
518 1414 610 1449 inter
631 1417 763 1449 terram
788 1417 823 1448 et
846 1425 931 1449 aves
951 1414 1003 1448 ita
1024 1414 1117 1448 inter
1140 1414 1295 1458 lapidem
1319 1416 1353 1448 et
1375 1413 1507 1448 ferrum
1535 1424 1614 1457 spa-

241 1466 328 1499 tium
351 1465 503 1500 vacefiat
533 1486 593 1511 -,
626 1465 689 1500 sed
717 1465 863 1509 dignum
895 1465 979 1499 mihi
1011 1465 1153 1499 videtur
1182 1464 1277 1509 quod
1308 1465 1616 1499 animadvertatur

242 1520 384 1560 poetam
415 1517 663 1562 explicantem,
698 1528 760 1551 cur
788 1519 932 1561 praeter
962 1516 1093 1551 ferrum
1129 1516 1222 1551 aliae
1258 1526 1316 1550 res
1340 1516 1510 1560 Magnete
1545 1526 1613 1550 non

242 1568 479 1615 attrahantur,
505 1568 630 1603 eodem
654 1569 704 1603 uti
727 1568 794 1602 hoc
818 1569 981 1612 exemplo
1004 1569 1053 1603 VI
1076 1569 1152 1602 970

295 1621 575 1664 barbigeras
597 1621 752 1655 oleaster
775 1631 816 1654 eo
839 1620 937 1654 iuvat
959 1631 1072 1664 usque
1096 1620 1253 1663 capellas

294 1672 416 1707 effluat
439 1672 640 1708 ambrosiae
664 1672 767 1716 quasi
791 1682 876 1706 vere
901 1674 936 1706 et
958 1671 1107 1706 nectari⁷
1133 1671 1282 1717 linctus,

293 1736 364 1768 qua
387 1725 437 1759 nil
460 1728 514 1760 est
536 1723 707 1759 homini
732 1724 827 1768 quod
850 1723 998 1759 amariu’
1023 1723 1189 1758 frondeat
1212 1734 1307 1758 esca.

293 1777 448 1820 denique
471 1776 711 1810 amaracinum
735 1775 866 1818 fugitat
889 1786 949 1809 sus
972 1778 1007 1810 et
1028 1776 1129 1809 timet
1150 1785 1253 1809 omne

291 1831 505 1872 ungentum:
537 1838 618 1862 uam
642 1826 832 1871 saetigeris
855 1828 964 1862 subus
992 1837 1099 1862 acre
1122 1836 1239 1860 vene
1255 1826 1424 1870 numst,

240 1880 336 1924 quod
358 1880 390 1915 V
413 1880 488 1914 899
514 1891 568 1925 sq.

786 1930 909 1965 videre
931 1930 1015 1965 licet
1037 1930 1273 1975 pinguescere
1296 1938 1405 1972 saepe
1427 1928 1544 1963 cicuta

291 1983 579 2028 barbigeras
603 1982 771 2028 pecudes,
803 1982 975 2017 homini
999 1994 1091 2027 quae
1115 1985 1169 2017 est
1192 1991 1297 2016 acre
1319 1990 1543 2015 venenum

239 2035 413 2080 adhibuit,
437 2039 475 2069 ut
490 2035 688 2070 Centauros
704 2035 844 2079 Scyllas
858 2038 978 2069 cetera
1000 2034 1179 2079 animalia,
1202 2045 1246 2068 ex
1269 2032 1481 2076 alienigenis
1503 2043 1610 2066 mem-

240 2086 313 2121 bris
338 2087 548 2133 composita,
571 2097 641 2121 non
665 2086 843 2121 exstitisse
866 2085 1137 2130 demonstraret,
1161 2088 1197 2120 et
1219 2085 1267 2119 IV
1288 2084 1363 2118 640
1387 2094 1439 2128 sq.

343 2139 477 2175 nobis
497 2142 677 2174 veratrum
701 2140 755 2173 est
778 2148 886 2173 acre
909 2148 1132 2173 venenum

291 2193 330 2224 at
353 2191 511 2233 capris
534 2190 661 2234 adipes
684 2193 720 2224 et
743 2189 984 2224 coturnicibus
1006 2193 1115 2232 auget

239 2241 334 2276 inter
361 2242 433 2276 alia
456 2241 587 2287 attulit,
610 2245 649 2276 ut
681 2251 846 2286 saporem
870 2241 1049 2276 diversum
1072 2250 1151 2275 esse
1175 2240 1398 2284 explanaret.
1449 2239 1523 2275 Ter
1544 2238 1611 2274 hoc

240 2295 404 2338 exemplo
429 2295 555 2329 eadem
571 2294 743 2338 probatur
758 2293 938 2328 sententia
955 2305 1056 2339 ·„non
1079 2293 1242 2328 omnibus
1266 2292 1385 2327 omnia
1405 2293 1464 2327 vel
1487 2292 1612 2327 eadem

240 2344 467 2392 convenire“,
494 2357 585 2391 quae
608 2346 750 2390 quidem
774 2345 956 2380 sententia
978 2345 1057 2389 ipsa
1079 2345 1125 2378 ad
1145 2344 1288 2379 diversa
1315 2346 1526 2388 argumenta
1552 2354 1610 2377 ac-

240 2398 494 2433 commodatur.
528 2419 577 2422 —
611 2397 703 2440 Quid
738 2397 833 2441 quod
865 2397 989 2431 eodem
1018 2397 1193 2443 exemplo,
1221 2407 1290 2440 quo
1314 2396 1350 2430 in
1373 2396 1395 2430 l.
1420 2396 1435 2430 I
1459 2406 1611 2440 corpora

239 2460 348 2484 caeca
371 2453 512 2484 exstare
536 2451 724 2484 docemur:

291 2501 365 2534 305
506 2501 707 2544 fluctifrago
732 2510 992 2544 suspensae
1015 2499 1058 2533 in
1087 2499 1227 2533 litore
1256 2502 1414 2534 vestes

389 2555 573 2599 uvescunt,
598 2552 745 2588 eaedem
770 2551 960 2597 dispansae
983 2552 1019 2587 in
1043 2552 1117 2586 sole
1140 2554 1335 2598 serescunt,
