1809 3046
778 231 985 265 ’37-

199 345 278 370 cum
311 336 508 381 „mutatum
538 332 636 369 exit“
669 334 722 369 ita
752 334 933 379 acciperet
964 336 1067 380 quasi
1094 336 1181 380 quid
1201 339 1374 373 mutatum
1396 348 1416 372 e
1438 336 1569 372 finibus

198 387 322 432 posset
351 396 422 422 non
458 385 577 434 exire3
608 384 673 422 sed
705 385 825 434 „quod
855 389 1012 423 mutatur
1041 385 1266 437 dissolvitur,
1298 388 1422 425 interit
1453 387 1567 435 erg0“

198 435 267 486 (ΠΙ
291 435 394 488 756).
456 437 538 474 Alia
568 438 733 483 exempla
758 439 940 485 participii
961 438 1186 476 abundanter
1207 441 1364 487 appositi
1385 441 1568 487 congessit

197 489 446 537 Kraetschius,
469 490 514 525 de
536 489 734 526 abundanti
756 489 898 527 dicendi
920 502 1055 537 genere
1077 491 1294 528 Lucretiano
1321 492 1439 528 Berol.
1466 494 1563 528 1881

341 615 400 639 vv.
422 605 457 638 11
480 604 658 645 749--56
682 601 879 652 (750-54
900 609 937 641 et
959 606 1008 640 56
1032 619 1080 637 τε
1103 606 1121 639 Ι
1144 606 1322 640 789--93
1346 611 1382 642 et
1404 604 1470 655 97)

250 655 364 691 omnis
386 655 481 692 enim
504 656 602 692 color
623 655 765 692 omnino
786 658 944 693 mutatur
964 656 1009 692 in
1032 656 1147 692 omnis
1169 653 1250 706 (pro
1269 656 1376 705 ‚,et“:
1402 657 1566 707 Lachm.)

243 708 345 753 'quod
365 707 486 744 facere
507 707 605 744 haud
625 708 698 744 ullo
720 708 852 745 debent
873 708 1068 754 primordia
1092 712 1211 754 pacto.

247 759 469 797 immutabile
491 759 585 795 enim
607 759 776 805 quiddam
797 771 969 805 superare
996 764 1191 806 necessest,

249 822 295 847 ue
315 821 375 847 res
396 812 444 847 ad
465 811 575 848 nilum
596 810 808 857 redigantur
828 811 988 859 funditus
1010 823 1154 849 omnes:

247 874 329 899 nam
351 864 448 909 quod
470 875 619 909 cumque
641 864 715 900 suis
738 891 747 900 .
772 891 780 900 .

247 914 414 950 continuo
435 914 504 950 hoc
525 926 620 950 mors
643 918 698 951 est
721 942 729 951 .
754 942 762 951 .

245 966 397 1012 proinde
420 967 538 1004 colore
561 978 648 1004 cave
670 967 859 1014 contingas
881 967 1018 1004 semina
1038 978 1169 1016 rerum,

245 1031 291 1055 ne
311 1020 379 1056 tibi
399 1031 458 1056 res
481 1020 632 1056 redeant
652 1020 701 1056 ad
725 1021 837 1055 nilum
858 1019 1017 1057 funditus
1039 1031 1173 1055 omnes.

193 1082 269 1118 Hos
301 1092 358 1117 vv.
391 1080 471 1117 Gn.
494 1093 517 1116 a
551 1081 718 1116 Lucretio
756 1080 893 1116 alienos
931 1083 1055 1126 putat,
1093 1081 1177 1124 quia
1205 1092 1225 1117 e
1260 1093 1317 1117 vv.
1356 1083 1559 1117 799—807

193 1135 333 1170 eluceat
361 1145 432 1170 uon
460 1133 590 1170 mutari
618 1144 677 1169 res
707 1132 904 1169 mutatione
934 1134 1102 1169 colorum.
1165 1132 1214 1170 At
1240 1134 1315 1170 illic
1342 1134 1429 1170 dicit
1454 1137 1562 1180 poeta

193 1187 330 1221 colores
353 1197 442 1221 non
464 1186 564 1221 sine
585 1185 718 1220 lumine
739 1185 828 1232 fieri,
851 1186 1030 1221 interdum
1048 1185 1127 1229 ipso
1150 1196 1192 1221 eo
1214 1187 1365 1233 mutari3
1388 1198 1459 1221 non
1476 1186 1562 1221 dicit

193 1248 256 1273 eos
277 1237 352 1273 solo
374 1236 506 1272 lumine
528 1236 606 1272 fieri
629 1239 665 1272 et
685 1237 827 1272 mutari.
882 1237 964 1271 Non
989 1236 1101 1281 igitur
1121 1241 1260 1282 pugnat
1280 1238 1340 1273 ille
1361 1238 1461 1273 locus
1483 1248 1562 1272 cum

191 1289 271 1337 hoc,
307 1301 377 1335 quo
409 1289 610 1326 ostenditur
644 1288 721 1325 fore
752 1291 792 1324 ut
822 1291 1044 1325 mutarentur
1075 1288 1282 1337 primordia,
1318 1290 1349 1326 si
1381 1291 1480 1326 color
1507 1290 1560 1325 eis

191 1342 352 1377 redditus
389 1344 504 1387 esset,
549 1351 665 1385 neque
704 1341 845 1376 omnino
883 1341 934 1376 ibi
965 1361 1014 1365 —
1044 1340 1083 1374 id
1118 1342 1215 1384 quod
1248 1342 1343 1377 idem
1379 1342 1447 1377 Gn.
1485 1342 1561 1385 opi-

190 1395 298 1429 natur
329 1413 378 1418 —
407 1403 554 1439 prorsus
584 1392 707 1429 eadem
738 1403 796 1428 res
823 1394 1008 1428 tractatur.
1032 1412 1082 1416 —
1104 1391 1146 1427 In
1167 1393 1192 1428 l.
1215 1393 1232 1428 Ι
1254 1395 1374 1429 tamen
1395 1392 1457 1429 ubi
1479 1392 1560 1429 illos

190 1458 249 1481 vv.
273 1443 306 1494 (Ι
329 1446 402 1480 789
426 1442 522 1494 sqq.)
544 1445 677 1490 requiri
699 1445 815 1489 quivis
838 1445 1013 1491 concedit,
1036 1445 1145 1480 antea
1173 1446 1295 1481 locum¹
1311 1445 1559 1492 obtinuerunt3

190 1498 353 1543 primitus
375 1500 493 1533 autem
515 1508 573 1532 vv.
596 1497 613 1531 I
636 1497 711 1531 670
733 1507 813 1541 sqq.
836 1496 962 1542 scripti
982 1497 1160 1532 videntur.

293 1550 350 1585 De
371 1560 405 1584 v.
428 1549 445 1584 I
471 1549 543 1584 757
567 1548 665 1584 nulla
688 1551 806 1584 exstat
827 1548 1015 1584 dubitatio.

293 1602 420 1636 Restat
448 1612 482 1635 v.
512 1601 547 1635 Π
578 1601 654 1635 864
680 1597 745 1648 (=
776 1600 793 1634 1
817 1601 891 1635 673
925 1612 971 1630 =
1003 1602 1021 1635 I
1046 1601 1118 1635 797
1152 1611 1197 1631 =
1226 1601 1261 1635 11
1287 1597 1399 1648 756);
1423 1600 1467 1635 de
1491 1611 1560 1645 quo

190 1652 235 1688 cf.
258 1664 319 1698 pg.
343 1653 391 1686 41
416 1662 495 1696 sqq.

292 1715 342 1750 VI
365 1713 543 1749 383—85
569 1725 614 1743 =
638 1713 689 1747 VI
712 1712 865 1747 87—89

338 1776 408 1801 non
432 1768 486 1801 est
508 1792 516 1800 .
542 1791 550 1800 .
574 1764 706 1800 indicia
728 1765 889 1799 occultae
912 1764 1032 1800 divum
1054 1765 1264 1810 perquirere
1286 1766 1427 1812 mentis,

241 1818 315 1853 383
339 1816 434 1854 unde
455 1818 582 1852 volans
603 1816 697 1861 ignis
719 1816 926 1861 pervenerit
948 1820 1009 1852 aut
1031 1817 1068 1851 in
1089 1819 1207 1852 utram
1229 1828 1269 1853 sc

339 1870 487 1905 verterit
507 1869 592 1904 hinc
612 1868 755 1916 partim,
779 1879 850 1914 quo
874 1871 981 1914 pacto
1004 1879 1071 1914 per
1094 1869 1174 1904 loca
1196 1873 1322 1915 saepta

240 1922 315 1957 385
338 1922 540 1968 insinuarit,
565 1924 600 1957 et
622 1920 706 1956 hinc
729 1921 932 1956 dominatus
953 1923 994 1957 ut
1015 1921 1184 1956 extulerit
1205 1932 1257 1969 se,

340 1973 473 2020 quidve
494 1984 625 2009 nocere
648 1976 756 2019 queat
778 1973 823 2008 de
846 1973 945 2008 caelo
968 1972 1126 2009 fulminis
1152 1973 1259 2009 ictus.

337 2024 480 2074 (Neum.
507 2027 555 2060 17.
577 2036 670 2071 sqq.‚
703 2025 772 2061 Gn.
798 2026 845 2060 78
868 2036 936 2072 sq.,
968 2025 1034 2061 To.
1060 2025 1148 2072 551,
1179 2026 1241 2061 ΒΓ.
1264 2026 1367 2061 Burs.
1392 2026 1557 2062 Jahresb.

341 2078 439 2113 1876
467 2078 502 2112 Π
526 2078 612 2113 186.
635 2074 684 2123 7).
1302 2116 1305 2119 ,

290 2141 357 2176 Vv.
380 2140 430 2176 VI
453 2140 605 2175 87—89
629 2139 802 2185 genuinos
826 2149 905 2175 esse
928 2142 1079 2184 apparet
1101 2150 1146 2174 ex
1173 2138 1425 2187 disputatione,
1451 2151 1557 2185 quam

185 2192 323 2228 institui
344 2203 406 2237 pg.
432 2192 491 2226 14.
555 2191 627 2227 Sed
655 2191 856 2236 posteriore
883 2191 962 2226 loco
989 2190 1065 2226 fere
1088 2201 1211 2226 omnes
1231 2191 1479 2227 Neumannum
1503 2202 1556 2227 se-

186 2244 260 2280 cuti
291 2254 353 2280 eos
385 2242 556 2279 delendos
587 2253 665 2279 esse
701 2243 938 2279 consentiunt.
1006 2242 1194 2279 Neminem
1231 2243 1323 2279 euim
1360 2244 1483 2279 dicunt
1521 2244 1557 2278 in

186 2296 384 2342 Tyrrhenis
414 2295 516 2331 libris
547 2294 789 2342 quaesivisse,
821 2295 917 2331 unde
947 2295 1043 2340 ignis
1071 2296 1278 2340 pervenerit
1309 2298 1344 2331 et
1375 2296 1411 2331 in
1442 2299 1556 2330 utram

185 2350 326 2393 partem
342 2357 382 2382 se
395 2346 545 2382 verterit
560 2349 657 2393 cett.‚
682 2345 746 2381 sed
768 2346 855 2391 quid
875 2346 947 2381 illis
970 2347 1077 2382 rebus
1093 2346 1292 2393 indicetur3
1315 2357 1431 2391 neque
1446 2347 1558 2391 igitur

185 2412 243 2437 vv.
268 2399 446 2436 383—85
470 2398 516 2435 ab
540 2398 665 2436 eodem
686 2398 918 2445 perquirendi
939 2399 1050 2435 verbo
1077 2395 1185 2448 (382)
1213 2409 1318 2444 posse
1339 2398 1509 2446 pendere,
1533 2410 1556 2435 a

185 2464 255 2499 quo
289 2451 447 2499 pendeat
483 2463 517 2486 v.
554 2453 641 2488 386.
708 2452 863 2496 Propter
897 2452 1110 2497 particulam
1148 2450 1240 2498 „ve“
1277 2453 1397 2487 autem
1426 2452 1554 2487 Neum.

185 2505 386 2551 suspicatus
429 2503 573 2540 videtur
614 2504 723 2540 talem
762 2514 905 2539 versum
948 2504 993 2540 ab
1037 2503 1116 2549 ipso
1155 2502 1274 2539 fictum
1316 2503 1388 2539 illis
1432 2504 1554 2549 expul-

184 2568 262 2594 sum
284 2568 381 2595 esse:

238 2620 324 2669 quid
346 2620 415 2657 sibi
441 2617 565 2672 (tibw)
591 2618 779 2665 praedicat
804 2617 914 2656 fausti
940 2618 996 2654 vis
1018 2618 1208 2666 splendida
1229 2619 1305 2658 teli.
