1809 3046
772 214 978 248 -33-

189 316 416 352 Α11100οᾶ11111
437 317 548 353 1180οε
584 317 622 352 Si
651 317 688 351 in
719 316 834 362 spatio
856 317 994 353 infinito
1019 317 1185 353 materies
1206 317 1306 353 finita
1328 319 1435 364 esset,
1459 328 1559 352 mun-

191 367 257 403 dns
288 369 404 404 creari
424 379 495 404 non
516 369 703 413 potuisset.
755 368 849 404 Nam
874 369 1071 414 primordia
1092 380 1207 413 neque
1228 380 1393 414 nmquam
1417 369 1454 404 in
1475 379 1558 403 con-

190 419 309 454 cilium
340 421 523 465 compulsa
553 419 720 455 coiissent
745 431 813 456 nec
841 423 989 465 possent
1017 421 1053 464 in
1087 420 1235 455 concilio
1263 421 1407 456 morari.
1465 420 1558 455 Huic

190 472 493 516 argumentationi
522 474 607 517 apte
636 472 863 517 subiungitur
894 473 991 518 quod
1020 472 1217 517 primordia
1245 482 1316 507 non
1346 472 1493 508 consilio
1518 483 1557 507 se

191 533 254 557 sno
285 523 365 559 loco
394 524 568 559 locarunt.
627 522 866 560 Nihilominus
895 525 1078 570 expellere
1101 534 1162 560 eos
1184 535 1241 559 vv.
1266 527 1439 559 conantur
1459 524 1557 559 Neu-

189 585 339 611 mannus
361 578 398 611 01
419 575 480 611 Br.
502 576 585 612 ideo
604 576 826 622 potissimum
849 577 957 626 quod,
986 576 1018 613 si
1044 576 1158 612 verba
1181 573 1372 625 ‚,servata“
1399 576 1497 619 1029
1522 579 1558 612 01

192 627 405 675 „coniecta“
422 629 523 664 1030
537 628 756 664 referrentur
776 630 824 665 ad
845 630 1064 666 antecedens
1089 640 1230 677 „rerum
1246 639 1382 664 summa
1395 626 1555 675 creata“,

190 679 348 715 absurda
378 680 550 715 evaderet
581 681 758 716 sententia
789 692 986 727 „summam
1020 684 1179 717 creatam
1210 682 1246 716 et
1278 707 1287 715 .
1320 683 1335 715 .”
1360 681 1557 715 conjectam

191 730 333 767 efficere
368 735 408 768 111
442 743 564 768 amnes
599 742 697 767 mare
732 732 932 781 integrent,
976 736 1075 770 terra
1113 732 1206 769 fetus
1242 734 1350 767 novet
1375 759 1383 768 .
1409 729 1444 767 .“
1481 732 1557 767 sive

192 794 388 830 „summam
419 787 577 821 creatam
609 783 751 820 efficere
781 796 952 820 summam
979 784 1175 821 creatam“.
1233 784 1282 819 At
1308 785 1421 820 verba
1444 783 1558 831 „haec

189 845 327 870 summa
361 838 484 871 creata
519 835 629 871 efficit
663 839 702 871 ut
736 846 859 872 amnes
892 847 990 873 mare
1024 837 1285 883 integrent,
1320 839 1418 871 terra
1448 838 1558 870 novet

189 885 283 922 fetus
318 886 413 924 cet.“
460 898 531 923 non
561 887 765 932 significant
794 899 991 934 „summam
1019 891 1176 924 creatam
1212 886 1355 923 efficere
1384 898 1557 923 summam

188 936 370 974 creatam“
416 940 480 975 sed
518 950 714 986 „summam
756 942 915 975 creatam
951 951 1031 976 sese
1070 939 1308 976 conservare“
1347 936 1409 988 (cf.
1456 939 1555 974 1037

188 990 321 1025 amissa
359 988 546 1040 reparare)
579 991 655 1026 sive
692 991 923 1039 „continuare
956 995 1090 1039 motus,
1134 992 1172 1026 in
1208 1002 1296 1036 qnos
1331 992 1442 1026 semel
1473 1001 1554 1026 con-

188 1042 285 1077 iecta
312 1040 396 1078 sit“.
454 1042 590 1086 Quodsi
624 1044 768 1087 copiose
803 1043 993 1088 exponitur
1021 1055 1093 1088 qua
1126 1044 1264 1079 ratione
1299 1042 1390 1078 haec
1420 1054 1556 1078 summa

191 1097 509 1141 conservetur,
532 1105 605 1130 non
626 1094 696 1130 nisi
717 1094 955 1130 concinnitate
970 1095 1179 1140 perturbata
1196 1094 1405 1130 omittuntur
1418 1105 1554 1141 versus,

191 1145 319 1190 quibus
355 1145 504 1182 docetur
538 1157 610 1191 11118
638 1146 777 1182 ratione
806 1149 970 1183 creata
991 1146 1049 1183 sit.
1103 1147 1200 1192 Ergo
1222 1146 1303 1182 illos
1323 1156 1449 1182 versus
1470 1146 1554 1182 reti-

189 1197 364 1233 nebimus.
519 1220 522 1225 ·

293 1249 418 1285 Altera
432 1259 530 1297 pars,
553 1260 611 1285 vv.
627 1250 660 1285 V
676 1250 826 1284 187—9
833 1251 865 1297 1,
888 1249 1100 1285 Neumanno
1114 1250 1193 1295 ipsa
1211 1260 1354 1295 quoque
1376 1249 1552 1296 displicet,

189 1302 254 1337 sed
286 1312 413 1337 causas
443 1312 513 1337 non
545 1302 650 1337 affert
678 1301 783 1337 huius
811 1302 945 1337 iudicii.
1008 1302 1135 1347 Itaque
1166 1302 1254 1337 satis
1280 1301 1397 1337 habeo
1420 1301 1554 1337 dixisse

189 1364 269 1388 eam
303 1354 350 1388 ad
384 1364 512 1389 nexum
548 1353 852 1389 accommodatam
889 1364 989 1401 esse,
1029 1353 1196 1398 quoniam
1233 1353 1413 1388 00111111081
1448 1354 1554 1398 quale

190 1405 371 1450 specimen
402 1405 548 1441 creandi
579 1408 706 1441 natura
734 1404 885 1441 dederit.
948 1405 997 1441 At
1027 1407 1105 1441 tota
1132 1405 1393 1450 argumentatio
1424 1404 1508 1440 inde
1532 1416 1554 1439 8

189 1468 223 1492 v.
259 1458 328 1492 181
362 1457 511 1493 confusa
540 1460 604 1493 est.
666 1457 715 1492 Ut
744 1458 838 1492 enim
868 1459 997 1502 probet
1019 1457 1124 1492 Lucr.
1148 1468 1218 1492 non
1246 1457 1292 1492 ab
1315 1456 1392 1492 deis
1414 1460 1554 1493 creatos

190 1519 269 1544 esse
300 1508 472 1555 homines,
501 1509 607 1556 unde,
638 1509 764 1557 inquit,
796 1509 851 1544 dis
882 1509 1027 1545 notities
1053 1505 1352 1558 (simulacrorum)
1374 1508 1554 1544 hominum

188 1561 295 1597 insita
317 1564 381 1609 est,
405 1564 444 1597 111
465 1572 526 1596 000
548 1560 668 1597 facere
689 1561 865 1606 possent?
893 1562 958 1598 sed
984 1560 1174 1607 sequentia
1200 1571 1271 1596 non
1292 1561 1364 1596 iam
1385 1560 1432 1596 ad
1455 1560 1553 1608 deos,

189 1614 253 1648 sed
284 1614 331 1648 ad
360 1613 521 1650 homines
547 1613 747 1658 pertinent:
778 1624 894 1658 quove
925 1613 1030 1649 modo
1063 1616 1117 1649 est
1145 1613 1199 1648 vis
1227 1613 1480 1658 principiorum
1510 1639 1518 1648 .

190 1665 332 1711 cognita
354 1662 419 1714 (sc.
443 1665 558 1714 nobis,
580 1676 652 1701 non
675 1662 781 1714 deis),
807 1666 839 1701 si
861 1677 931 1702 non
953 1667 1034 1712 ipsa
1055 1668 1183 1701 natura
1205 1665 1385 1710 specimen
1408 1665 1554 1700 creandi

189 1718 316 1753 dedit‘?
332 1718 483 1753 scilicet
512 1717 597 1753 hoc:
629 1729 673 1753 ex
704 1717 838 1753 infinito
869 1721 1029 1763 tempore
1061 1718 1258 1762 primordia
1292 1718 1410 1752 omnia
1444 1727 1552 1762 quae-

190 1780 338 1814 cumque
359 1772 507 1814 possent
529 1779 653 1804 creare
673 1771 943 1817 pertentarunt3
966 1772 1006 1805 111
1027 1780 1098 1804 11011
1120 1769 1166 1803 011
1187 1769 1313 1803 mirum
1335 1767 1401 1816 (sc.
1421 1766 1552 1817 nobis),

185 1821 216 1856 si
237 1820 331 1856 hunc
353 1832 494 1866 quoque
517 1823 648 1856 statum
669 1819 790 1856 mundi
812 1821 1015 1857 effecerunt.
1058 1820 1193 1864 Quodsi
1215 1820 1286 1856 iam
1308 1820 1484 1865 ignorem
1509 1846 1518 1855 .
1543 1846 1552 1855 .

187 1894 238 1899 —
268 1872 542 1918 Argumentatio
572 1872 623 1908 ita
651 1872 770 1917 potius
799 1872 1019 1909 instituenda
1052 1875 1145 1908 erat:
1176 1869 1272 1921 (Non
1304 1872 1363 1908 dei
1393 1871 1554 1907 homines

188 1928 364 1972 crearunt,
388 1925 553 1970 quoniam
576 1924 645 1959 hoc
666 1935 782 1969 neque
803 1925 891 1970 ipsis
910 1925 1046 1970 profuit
1059 1935 1176 1969 neque
1190 1921 1419 1973 hominibus).
1441 1925 1554 1959 Porro

186 1987 304 2013 nonne
334 1980 504 2013 natura
535 1976 715 2022 specimen
746 1977 893 2013 creandi
924 1977 1005 2026 dat,
1038 1980 1074 2013 01
1103 1987 1220 2012 11011110
1242 1978 1414 2012 natura
1437 1977 1553 2023 docet,

187 2030 274 2075 quid
303 2030 443 2075 possint
470 2029 684 2077 primordia,
715 2040 782 2065 nec
813 2041 899 2066 vero
931 2031 1017 2066 dei?
1045 2030 1142 2074 Ergo
1166 2041 1237 2065 non
1260 2029 1317 2065 dei
1340 2029 1403 2065 sed
1425 2032 1554 2065 natura

186 2082 347 2117 homines
382 2083 531 2117 creavit.
601 2082 671 2117 Sed
711 2082 774 2117 illa
815 2083 994 2118 aberratio
1038 2082 1160 2116 nescio
1202 2093 1247 2116 an
1292 2081 1552 2125 quodammodo

187 2135 387 2181 excusetur,
416 2145 495 2169 cum
523 2133 686 2179 ponimus
708 2143 770 2169 eos
798 2134 842 2169 de
873 2134 1001 2179 quibus
1032 2133 1107 2169 dixi
1135 2143 1260 2169 versus
1283 2133 1401 2168 animo
1423 2135 1552 2178 poetae

185 2185 222 2220 in
245 2185 433 2222 scribendo
456 2187 665 2222 obversatos
688 2196 778 2221 esse.

292 2239 345 2273 De
367 2249 425 2273 vv.
448 2238 483 2272 Π
508 2238 711 2272 1061-63
735 2237 781 2273 cf.
804 2249 864 2283 pg.
889 2238 911 2272 8
935 2249 989 2283 sq.

290 2290 365 2326 Iam
386 2290 577 2326 transimus
599 2289 646 2326 ad
666 2290 782 2326 locum
803 2290 886 2327 libri
908 2290 940 2326 V
968 2287 1193 2340 (419—31),
1226 2301 1295 2336 quo
1322 2290 1405 2326 illae
1427 2293 1551 2336 partes

187 2342 547 2388 comprehenduntur.
610 2343 781 2378 Videmus
810 2354 872 2379 eas
903 2354 972 2378 non
1002 2344 1084 2378 laxe
1115 2354 1195 2379 esse
1225 2343 1410 2388 copulatas
1432 2343 1551 2378 autin

188 2397 373 2431 centonem
405 2395 685 2442 contaminatas,
716 2394 781 2430 sed
812 2395 990 2430 artissime
1020 2406 1092 2430 una
1121 2394 1269 2440 periodo
1293 2395 1489 2442 devinctas,
1513 2399 1552 2430 ut

187 2447 259 2482 alia
282 2458 327 2483 ex
348 2447 419 2483 alia
440 2458 534 2483 nexa
556 2450 592 2482 et
613 2457 735 2482 omnes
757 2447 850 2482 inter
872 2458 910 2483 se
932 2449 1039 2493 aptae
1062 2448 1324 2493 colligataeque
1348 2447 1551 2482 videantur.

187 2500 342 2536 Exstant
363 2502 482 2536 tamen
504 2499 667 2536 salebrae
690 2495 877 2547 quaedam,
909 2510 1001 2545 quae
1028 2499 1065 2534 id
1087 2499 1231 2545 quidem
1251 2498 1406 2546 produnt
1427 2511 1552 2536 versus

187 2552 218 2586 si
240 2563 311 2588 non
333 2563 455 2589 omnes
478 2555 514 2588 at
536 2563 580 2588 ex
602 2555 704 2597 parte
728 2551 870 2597 quidem
892 2551 927 2587 h.
950 2553 974 2587 l.
997 2563 1069 2587 non
1090 2552 1255 2597 primitus
1277 2552 1429 2598 scriptos
1460 2563 1550 2588 esse.

186 2604 329 2639 Etenim
359 2605 395 2640 in
426 2616 461 2640 v.
495 2605 569 2639 422
601 2604 820 2652 „primordia
846 2602 989 2640 rerum“
1022 2614 1326 2650 supervacaneum
1357 2607 1412 2640 est
1441 2625 1484 2629 —
1514 2603 1552 2639 id

1283 2663 1305 2699 3
