1809 3046
830 184 1036 218 —13-

298 286 474 332 convenit,
498 285 582 320 inde
605 296 714 330 super
734 289 850 321 terras
876 287 953 321 fluit
974 286 1117 331 agmine
1141 287 1247 333 dulci,

297 350 367 383 qua
390 338 449 372 via
471 340 570 371 secta
592 339 703 371 semel
726 338 860 381 liquido
882 337 976 381 pede
999 338 1127 373 detulit
1148 339 1262 373 undas

348 387 433 436 (Gn.
457 388 506 421 39
530 398 623 433 sqq.,
647 388 714 422 To.
738 388 825 434 547,
850 389 910 422 Br.
934 386 1026 436 203)

245 450 405 476 seorsum
427 441 577 483 possunt
595 439 684 473 tolli.
716 439 849 474 Iterum
869 438 938 474 Gn.
955 449 997 474 eo
1017 438 1188 485 confugit,
1211 443 1251 474 ut
1269 440 1438 475 maiorem
1461 442 1609 486 partem,

244 502 395 536 quacum
426 490 554 525 conexi
582 493 663 525 sunt
693 487 767 538 (vv.
799 490 831 525 V
863 487 1105 538 235-323),
1136 490 1389 535 interpolatam
1419 502 1498 527 esse
1530 502 1611 526 con-

243 542 378 579 tendat.
432 542 657 587 Argumenta
679 544 818 589 tamen,
844 542 881 577 in
904 542 1032 586 quibus
1055 542 1199 589 nititur,
1223 553 1245 577 a
1267 542 1398 577 Tohtio
1421 543 1507 578 satis
1530 554 1611 578 con-

242 595 356 630 futata
378 596 479 640 sunt,
510 604 628 638 neque
650 594 844 639 quidquam
866 593 997 629 addam
1024 593 1092 629 nisi
1113 593 1300 629 inferiores
1322 594 1466 638 quidem
1483 606 1613 631 versus

242 648 278 681 in
301 648 324 681 l.
349 647 379 680 V
402 646 461 692 vel
482 646 648 690 primitus
675 646 761 681 mihi
784 645 902 681 videri
928 646 1081 690 scriptos
1104 655 1195 680 esse.
1249 646 1290 680 In
1312 645 1380 680 hoc
1404 646 1498 680 enim
1519 646 1612 681 libro

243 701 327 742 apte
351 698 402 732 eis
433 697 630 732 illustratur
660 697 775 732 marla
806 697 971 732 continuo
1000 707 1218 732 crescere
1248 700 1292 732 et
1318 697 1496 743 imminui,
1528 698 1564 732 in
1587 698 1611 732 l.

244 751 293 784 VI
315 752 446 795 autem,
468 749 529 783 ubi
551 749 589 783 id
610 760 717 783 unum
741 749 941 793 explicatur
968 746 1067 796 (inde
1090 760 1113 783 a
1134 760 1168 783 v.
1194 746 1285 796 608)
1315 759 1377 783 cur
1408 749 1521 784 maria
1551 749 1611 784 de-

243 812 349 836 cursu
378 811 551 844 aquarum
579 810 667 834 non
694 800 1033 845 adaugescant,
1066 800 1178 834 verba
1219 800 1327 846 „inde
1361 810 1469 844 super
1498 803 1613 836 terras

242 852 317 887 fluit
339 852 481 897 agmine
504 850 610 897 dulci,
635 861 707 895 qua
727 851 787 886 via
809 854 908 886 secta
930 852 1040 886 semel
1057 850 1192 895 liquido
1211 851 1304 896 pede
1323 851 1450 887 detulit
1472 850 1611 888 undas“

243 907 340 940 certe
369 914 438 938 non
467 902 707 947 requiruntur.
762 903 985 948 Quamquam
1020 914 1064 938 ex
1094 902 1162 938 hac
1193 903 1403 939 dilatatione
1434 915 1505 940 non
1533 905 1613 949 plus

242 956 446 999 collegerim
483 965 589 998 quam
622 955 718 998 quod
745 955 792 989 ad
825 955 941 989 locum
969 955 1176 998 primarium
1207 955 1374 998 pertinet.
1410 975 1454 979 —
1486 956 1613 990 Moneo

241 1007 508 1042 Lachmannum
530 1017 588 1040 vv.
614 1006 662 1040 VI
685 1006 864 1040 608—38
888 1006 1076 1040 embolium
1100 1016 1181 1041 esse
1203 1006 1395 1041 censuisse.

346 1059 420 1094 Iam
442 1058 604 1093 venimus
627 1058 674 1093 ad
695 1058 938 1104 repetitiones,
969 1068 1061 1103 quae
1084 1058 1254 1094 orationis
1276 1057 1391 1094 forma
1415 1059 1529 1094 minus
1552 1059 1612 1095 de·

240 1111 450 1155 fenduntur,
474 1113 534 1144 aut
557 1110 672 1144 altero
694 1113 775 1144 utro
798 1113 937 1144 tantum
960 1111 1056 1155 loco,
1081 1110 1203 1153 itaque
1228 1121 1293 1153 per
1318 1120 1356 1144 se
1380 1111 1477 1145 solae
1500 1110 1611 1145 addu-

241 1162 376 1196 bitatae
399 1163 491 1196 sunt.

344 1224 402 1247 vv.
427 1213 475 1247 VI
498 1211 679 1246 251—54
704 1226 752 1242 z
775 1212 825 1247 IV
850 1212 1028 1247 170—73

533 1267 607 1298 tum
630 1274 696 1308 per
718 1266 829 1298 totum
854 1266 1088 1298 concrescunt
1115 1267 1202 1298 aera
1225 1264 1337 1299 nubes

241 1315 314 1351 251
339 1316 498 1359 undique
515 1312 554 1363 ¹),
578 1315 631 1350 uti
656 1316 824 1350 tenebras
844 1315 958 1350 omnis
973 1314 1178 1350 Acherunta
1196 1325 1338 1350 reamur
1352 1312 1404 1364 (in
1419 1315 1468 1350 IV
1483 1313 1612 1364 rearis)

345 1368 492 1411 liquisse
516 1370 552 1401 et
575 1378 724 1411 magnas
747 1367 838 1401 caeli
861 1368 1060 1411 complesse
1084 1377 1271 1401 cavernas.

345 1429 458 1463 usque
481 1418 571 1453 adeo
596 1421 690 1453 tetra
712 1418 913 1453 nimborum
936 1420 1040 1453 noete
1065 1420 1187 1452 coorta

241 1470 317 1505 254
345 1470 553 1515 impendent
572 1472 673 1505 atrae
696 1468 894 1505 formidinis
917 1480 981 1504 ora
1003 1480 1168 1515 superne,

346 1533 424 1557 cum
448 1522 643 1557 commoliri
666 1524 862 1566 tempestas
884 1521 1033 1556 fulmina
1055 1524 1210 1566 coeptat.

240 1575 295 1609 De
331 1573 387 1609 his
431 1574 507 1609 fere
548 1584 671 1609 omnes
713 1573 957 1608 assentiuntur
997 1572 1290 1608 Bockemuellero
1329 1572 1365 1607 in
1404 1573 1427 1608 l.
1464 1573 1513 1608 VI
1551 1584 1611 1609 eos

240 1626 386 1673 delenti,
410 1626 495 1670 quia
519 1626 719 1670 particulae
745 1624 865 1673 „tum“
886 1625 962 1660 250
986 1628 1022 1661 et
1041 1623 1170 1671 „cum“
1189 1624 1263 1659 255
1286 1625 1382 1660 inter
1403 1635 1442 1660 se
1464 1636 1610 1670 respon-

241 1679 367 1713 dentes
391 1678 443 1713 eis
466 1678 694 1712 divellantur.
726 1677 839 1720 Quam
864 1677 1007 1721 quidem
1028 1677 1258 1711 offensionem
1281 1675 1407 1711 Munro
1431 1687 1472 1711 eo
1496 1688 1609 1712 remo-

239 1730 291 1765 vit
319 1730 415 1774 quod
445 1740 503 1763 vv.
533 1729 621 1763 253.
650 1730 674 1762 4
706 1732 888 1773 tamquam
918 1731 1119 1763 structurae
1150 1728 1297 1763 liberius
1329 1728 1558 1773 interpositos
1591 1741 1612 1764 a

240 1782 371 1816 ceteris
394 1781 551 1816 seclusit.
598 1780 670 1815 Sed
692 1780 782 1815 haec
804 1780 973 1824 periodus
996 1780 1111 1814 minus
1134 1780 1280 1824 elegans
1303 1779 1466 1826 videtur3
1490 1780 1611 1825 itaque

239 1834 276 1867 in
298 1831 560 1876 distinguendis
579 1831 766 1867 sententiis
788 1830 1054 1866 Lachmannum
1074 1831 1175 1875 sequi
1197 1831 1329 1865 malim.
1366 1831 1440 1865 Iam
1470 1831 1611 1875 quidem

239 1895 310 1919 non
333 1886 452 1919 exstat
471 1894 541 1927 quo
564 1882 690 1917 tendat
711 1882 798 1917 illud
823 1882 968 1929 „tum“;
991 1883 1055 1917 sed
1079 1883 1158 1927 quis
1181 1893 1251 1917 non
1275 1885 1403 1926 sponte
1425 1882 1613 1928 intelleget

243 1957 287 1960 —
316 1945 409 1980 quae
432 1934 610 1970 sententia
631 1946 666 1969 v.
691 1934 765 1968 255
789 1935 1000 1979 exprimitur
1026 1955 1068 1958 ——
1106 1937 1204 1980 „tum
1228 1944 1306 1968 eum
1328 1936 1523 1978 tempestas
1545 1935 1611 1970 ful-

239 1988 335 2022 mina
357 1986 518 2022 mittiff‘?
573 1986 678 2022 Certe
702 1987 868 2031 quoniam
896 1986 931 2020 vi
954 1986 1109 2030 quadam
1132 1986 1277 2021 effertur
1303 1984 1451 2021 fulmina
1474 1997 1493 2021 e
1515 1997 1611 2022 eras-

239 2040 287 2074 sis
313 2040 456 2083 alteque
484 2039 655 2074 extructis
678 2038 831 2073 nubibus
855 2038 968 2084 gigni,
999 2049 1069 2072 non
1093 2048 1137 2072 ex
1159 2037 1289 2072 leviter
1311 2037 1442 2084 densis,
1474 2049 1611 2086 versus,

239 2091 300 2136 qui
323 2090 523 2135 depingunt
546 2094 717 2135 quantum
749 2089 1011 2134 dispandantur
1039 2090 1150 2125 nubes
1178 2091 1392 2134 tempestate
1415 2092 1557 2136 coorta,
1590 2102 1613 2125 a

237 2144 316 2178 loco
338 2143 447 2177 alieni
468 2142 612 2177 minime
634 2142 813 2176 videntur.
870 2141 942 2176 Sed
972 2142 1008 2175 in
1040 2143 1063 2176 l.
1088 2142 1138 2175 IV
1159 2141 1323 2185 primitus
1356 2152 1417 2176 eos
1447 2142 1611 2177 existimo

238 2194 390 2237 scriptos
413 2204 504 2228 esse.
559 2193 651 2228 Nam
683 2204 898 2237 quamquam
929 2204 999 2227 non
1029 2193 1146 2227 minus
1172 2195 1371 2236 opportune
1400 2193 1452 2227 ita
1483 2193 1612 2229 dicitur

236 2246 273 2281 in
313 2246 336 2280 l.
374 2245 442 2281 VI:
488 2246 602 2281 nubes
635 2246 952 2280 concrescunt
991 2242 1168 2291 undique,
1204 2246 1244 2279 ut
1283 2253 1405 2280 omnes
1442 2245 1611 2281 tenebras

236 2298 444 2333 Acherunta
474 2298 677 2341 liquisse
707 2308 860 2343 reamur,
895 2307 999 2340 quam
1023 2297 1059 2330 in
1081 2296 1152 2331 IV:
1182 2296 1299 2331 subito
1330 2299 1526 2341 tempestas
1553 2297 1612 2332 fit

237 2350 382 2385 turbida
418 2348 541 2394 foede,
579 2351 619 2383 ut
653 2349 824 2383 tenebras
854 2347 1063 2383 Acherunta
1093 2347 1297 2391 liquisse
1328 2348 1461 2393 rearis,
1491 2351 1611 2384 tamen

237 2404 335 2435 recte
359 2400 501 2435 videtur
524 2401 648 2435 Munro
671 2399 894 2435 Lachmanni
915 2399 1130 2434 sententiam
1152 2398 1360 2446 repudiare,
1395 2400 1456 2444 qui
1479 2411 1537 2435 vv.
1562 2401 1612 2436 IV

240 2452 418 2487 168—75
448 2455 483 2487 et
508 2452 580 2486 179
604 2455 732 2496 postea
753 2452 906 2487 insertos
931 2462 1010 2487 esse
1033 2450 1198 2486 credidit.

344 2564 377 2604 1)
398 2562 446 2595 ita
467 2562 752 2594 Bockemuellerus
773 2562 873 2594 verba
894 2564 983 2594 recte
1005 2562 1136 2595 videtur
1157 2561 1301 2602 iungere.
