1809 3046
859 191 1041 224 -5—

259 296 386 331 eadem
408 294 607 339 propositio
630 294 766 329 eisdem
787 294 934 328 effertur
954 293 1093 328 verbis:

311 359 347 392 et
377 355 506 401 quibus
534 355 594 391 ille
616 355 732 391 modis
755 365 969 399 congressus
991 354 1154 389 materiai

310 408 467 444 fundarit
489 410 622 443 terram
645 408 782 443 caelum
805 417 902 442 mare
927 433 935 441 .
961 433 969 441 .
1362 407 1393 441 V
1416 406 1477 440 67.
1501 405 1524 440 8

308 459 373 495 sed
388 459 516 504 quibus
1495 457 1498 460 ’

308 533 464 535 ⁷⁷——
486 515 617 548 terram
641 515 677 547 et
699 511 838 547 caelum
861 510 1032 557 pontique
1054 509 1232 556 profunda
1337 508 1368 545 V
1392 509 1480 544 416.
1505 510 1539 544 7.

256 564 333 598 Nec
354 564 405 599 ita
427 564 620 600 dissimiles
643 567 725 599 sunt
748 566 937 608 praeterea
958 574 1041 598 vv.:

308 618 390 651 sunt
413 615 526 660 igitur
547 616 659 662 venti,
685 615 861 662 nimirum,
884 625 1037 660 corpora
1060 624 1169 649 caeca
1369 613 1385 646 I
1409 613 1482 646 277

309 678 421 711 quare
444 668 554 703 etiam
577 671 686 713 atque
710 667 816 703 etiam
840 669 922 703 sunt
943 667 1042 701 venti
1066 676 1215 710 corpora
1237 675 1345 700 caeca
1366 664 1383 698 Ι
1407 663 1481 698 295

307 719 480 763 temporis
512 720 548 754 in
584 722 716 764 puncto
752 729 869 754 rerum
909 718 1101 754 simulacra
1121 716 1281 752 ferantur
1375 716 1424 750 IV
1451 715 1523 749 164

308 781 402 806 nunc
424 782 505 817 age,
530 783 637 816 quam
660 771 768 806 celeri
790 775 888 806 motu
909 790 1283 794 —-——
1374 768 1423 802 IV
1450 768 1522 801 176

309 834 415 867 quam
441 824 550 858 celeri
572 826 670 858 motu
716 833 835 858 rerum
916 842 1286 846 Ἥ
1376 820 1424 854 IV
1449 819 1524 853 210

307 885 401 909 nunc
425 885 468 909 ea
490 886 582 919 quae
606 874 686 909 dico
716 896 722 898 —
745 896 794 898 „W
1009 894 1090 896 ——
1121 872 1284 907 feruntur
1374 872 1424 906 IV
1447 871 1521 905 239

307 936 401 960 nunc
426 936 519 970 quae
542 926 724 962 mobilitas
747 926 793 960 sit
814 925 957 961 reddita
979 924 1143 960 materiai
1161 921 1164 971 Ι
1183 923 1391 968 corporibus
1412 923 1447 956 11
1473 923 1545 956 142

307 980 343 1012 et
424 998 465 1002 —
739 977 818 1012 ollis
847 977 1073 1012 tranantibus
1105 986 1211 1011 auras
1229 972 1231 1023 Ι
1249 974 1392 1010 reddita
1428 973 1475 1009 sit
1504 971 1625 1021 (simu-

1254 1022 1377 1075 lacris)
1398 1025 1448 1061 IV
1473 1026 1544 1059 177

306 1084 428 1116 cetera
451 1081 496 1116 de
519 1092 652 1125 genere
675 1080 742 1116 hoc
766 1083 925 1116 monstra
947 1091 989 1116 ac
1011 1082 1178 1126 portenta
1200 1080 1391 1124 loquontur
1413 1078 1462 1112 IV
1485 1077 1561 1112 590

1197 1131 1345 1166 creabat
1433 1130 1462 1164 V
1485 1129 1572 1164 845.

252 1185 318 1219 His
341 1184 493 1219 adnecto
517 1183 605 1219 duas
628 1183 881 1229 repetitiones,
905 1194 997 1228 quae
1020 1186 1145 1219 neutro
1167 1183 1245 1218 loco
1267 1181 1508 1228 requiruntur,
1531 1184 1625 1216 utro-

253 1247 323 1281 que
346 1239 465 1271 tamen
488 1239 594 1280 aptae
618 1239 718 1270 sunt:

304 1298 463 1332 sanctius
486 1300 521 1331 et
543 1298 653 1331 multo
677 1300 778 1331 certa
800 1297 938 1331 ratione
962 1297 1077 1341 magis
1101 1308 1207 1341 quam

303 1348 434 1394 Pythia
457 1359 550 1393 quae
572 1348 706 1393 tripodi
730 1360 752 1383 a
773 1348 911 1383 Phoebi
934 1348 1107 1392 lauroque
1129 1346 1312 1392 profatur:

250 1411 301 1445 ita
323 1411 339 1445 I
364 1410 451 1445 738.
476 1410 497 1444 9
522 1413 629 1454 poeta
649 1410 881 1455 philosophos
904 1410 1077 1454 quosdam
1108 1410 1196 1445 dicit
1226 1412 1407 1453 tamquam
1439 1419 1484 1442 ex
1512 1407 1621 1452 adyto

251 1461 369 1497 cordis
390 1472 565 1506 responsa
587 1461 750 1509 dedisse,
780 1472 895 1506 neque
917 1462 1032 1496 minus
1056 1462 1238 1496 commode
1270 1471 1484 1505 quamquam
1514 1459 1622 1496 auda-

251 1514 325 1550 cius
349 1514 380 1550 V
406 1515 491 1549 111.
519 1515 564 1549 12
588 1524 627 1550 se
649 1514 764 1559 ipsum
788 1514 838 1549 ait
860 1513 1011 1549 fundere
1035 1513 1122 1549 fata.

250 1577 503 1672 V·t}111)1it;3n(111uas
531 1626 649 1663 fundit
672 1627 795 1673 digitis
817 1629 959 1672 pulsata
985 1630 1173 1662 canentum

250 1689 387 1724 duobus
410 1689 498 1724 locis
521 1686 585 1737 (IV
610 1689 698 1736 585,
720 1690 752 1725 V
778 1686 893 1738 1385)
926 1690 1061 1725 eisdem
1095 1689 1214 1725 verbis
1247 1687 1386 1734 „dulcis
1418 1685 1622 1732 querellas“

249 1739 487 1784 subiungitur.

249 1802 426 1838 Versuum
449 1813 556 1846 porro
579 1803 629 1837 IV
657 1803 808 1837 180—2
825 1817 874 1833 z
890 1802 940 1837 IV
963 1802 1140 1837 909-11

301 1854 497 1888 suavidicis
518 1854 639 1898 potius
662 1865 767 1898 quam
792 1855 911 1888 multis
933 1855 1097 1890 versibus
1121 1854 1244 1900 edam,

301 1916 435 1950 parvus
457 1908 496 1940 ut
521 1908 576 1940 est
599 1906 702 1951 cycni
724 1905 851 1941 melior
874 1916 994 1952 canor,
1019 1906 1079 1940 ille
1103 1916 1230 1950 gruum
1254 1916 1359 1950 quam

301 1958 436 1992 clamor
457 1958 496 1992 in
518 1957 690 1993 aetheriis
714 1958 897 2003 dispersus
921 1958 1074 1993 nubibus
1097 1958 1208 1993 austri

249 2020 318 2054 duo
341 2018 483 2063 quidem
501 2020 721 2064 posteriores
739 2023 890 2065 utroque
912 2020 990 2055 loco
1014 2020 1127 2054 omitti
1149 2023 1316 2066 possunt,
1341 2020 1482 2065 utrique
1501 2024 1620 2056 tamen

248 2082 310 2106 eos
332 2071 470 2115 pariter
493 2072 685 2106 convenire
707 2083 777 2106 non
802 2074 856 2107 est
884 2072 979 2116 quod
1003 2071 1131 2107 dicam.

247 2134 368 2169 Verba
390 2132 545 2178 denique

298 2187 423 2220 noctes
446 2188 554 2230 atque
578 2186 655 2221 dies
678 2185 743 2221 niti
765 2189 974 2231 praestante
997 2186 1120 2221 labore

301 2236 348 2272 ad
370 2247 526 2272 summas
550 2248 736 2283 emergere
759 2249 856 2285 opes,

248 2310 342 2345 quae
372 2300 425 2334 III
448 2299 507 2334 62.
534 2300 555 2334 3
581 2300 750 2336 orationis
773 2303 953 2336 structura
975 2300 1194 2347 retinentur,
1227 2301 1261 2334 ΙΙ
1287 2302 1345 2336 12.
1379 2302 1424 2336 13
1450 2282 1518 2337 una
1541 2313 1619 2337 cum

248 2352 311 2399 eis,
339 2362 431 2397 quae
453 2352 604 2386 alterum
628 2363 768 2388 versum
792 2352 949 2398 explent,
975 2363 1188 2398 „rerumque
1202 2352 1335 2397 potiri“
1359 2352 1455 2389 facili
1475 2354 1618 2399 quidem

247 2415 359 2449 opera
383 2403 447 2438 sed
470 2414 540 2438 non
563 2404 630 2439 nisi
653 2407 731 2440 arte
755 2404 878 2439 critica
900 2406 1105 2448 contempta
1127 2405 1308 2440 tollantur.

350 2465 615 2512 Repetitiones,
652 2477 741 2510 quas
776 2466 897 2511 attuli,
934 2466 1106 2501 molestiis
1144 2469 1286 2514 carent3
1323 2477 1415 2502 nunc
1445 2467 1618 2503 subiciam

246 2528 391 2564 paucas,
417 2528 510 2563 quae
533 2518 599 2554 etsi
622 2518 807 2554 offensioni
837 2529 916 2553 esse
945 2518 1081 2563 possint
1104 2521 1221 2553 tamen
1253 2530 1443 2564 numquam
1466 2523 1618 2555 vexatae

246 2573 340 2605 sunt.
390 2570 446 2605 Ita
468 2571 526 2605 vel
549 2570 723 2605 formulae
745 2570 923 2605 interdum
948 2570 1061 2605 minus
1084 2574 1250 2605 accurate
1272 2574 1461 2615 ponuntur.
1500 2572 1618 2607 Verba
