1809 3046
787 192 990 228 „55-

201 299 331 344 menta,
367 306 460 341 quae
494 300 619 333 auctor
652 297 766 332 voluit
805 307 884 332 esse
916 297 1148 342 immortalia,
1185 296 1306 332 mollia
1340 296 1427 332 dicit
1455 306 1506 332 sc.
1529 308 1574 332 ex

201 348 314 394 ipsius
335 348 525 396 sententia,
548 360 618 385 non
632 352 731 385 recte
746 348 840 385 effici
854 359 934 384 eum
960 358 1030 395 „ne
1051 347 1251 393 inspexisse
1273 347 1417 393 quidem
1436 346 1573 384 libros“

201 401 442 446 Empedoclis,
461 401 532 435 iam
545 402 738 446 Briegerus
752 400 1006 437 animadvertit
1021 400 1124 435 Burs.
1140 400 1305 436 Jahresb.
1324 401 1436 446 1877,
1460 401 1494 435 Π
1510 401 1572 436 73.

305 450 405 486 Idem
426 451 515 487 illud
534 453 691 497 pertinet
713 453 761 488 ad
775 452 995 488 Heraclitum
1019 454 1055 486 et
1067 450 1332 496 Anaxagoram.
1360 453 1414 486 De
1428 452 1571 487 Anaxa-

202 514 291 548 gora
325 514 441 549 pauca
478 503 646 541 addenda
675 508 768 541 sunt.
822 505 954 541 Vocem
985 502 1130 550 quidem
1159 502 1493 551 „homoeomeriae“
1526 504 1571 540 ab

201 555 394 591 Aristotele
415 556 595 591 inventam
625 558 740 592 minus
771 565 893 592 errore
924 557 1096 601 deceptus
1124 566 1229 599 quam
1251 556 1394 591 dicendi
1417 557 1571 601 quadam

150 621 154 627 ·
202 606 433 652 neglegentia
453 607 499 642 ad
521 607 775 653 Anaxagoram
795 608 912 653 ipsum
933 608 1077 643 videtur
1096 606 1244 642 referre.
1288 606 1336 641 At
1353 617 1425 641 non
1447 607 1571 642 distin-

202 659 255 694 xit
277 670 321 695 ex
339 659 434 695 illius
456 662 574 695 mente
595 656 640 695 τὰ
662 658 817 695 συνθετα
846 670 998 705 corpora
1019 656 1132 709 (velut
1152 661 1288 694 terram
1310 661 1346 693 et
1367 656 1513 707 aquam)
1537 662 1572 694 et

202 723 246 745 ια
272 709 377 746 ἁπλᾶ
398 706 515 759 (,,οἷον
542 710 660 760 σάρκα
684 713 745 747 καὶ
766 709 953 761 ὀστοῦνίί),
981 712 1046 748 sed
1067 711 1187 747 omnia
1213 712 1318 756 putat
1339 713 1505 747 constare
1527 722 1572 747 ex

201 762 374 810 partibus,
403 773 496 808 quae
516 763 613 799 totis
630 773 736 809 pares
760 763 831 800 sint
852 761 948 813 (esse
970 760 1246 812 duaa).1nde
1269 764 1453 808 complura
1483 763 1572 798 vitia

201 818 286 851 nata
309 818 401 851 sunt.
445 816 602 851 Primum
625 817 716 852 enim
740 819 924 852 enumerat
943 817 961 851 I
982 816 1071 851 840.
1094 816 1142 850 41
1169 816 1264 851 inter
1289 814 1571 851 homoeomerias

200 870 333 902 terram
356 870 391 903 et
416 868 548 914 ignem,
577 879 668 913 quae
690 880 733 904 eo
755 880 827 904 non
849 868 1038 913 pertinent.
1093 865 1156 916 (cf.
1179 867 1304 912 Woltj.
1327 879 1388 912 pg.
1413 865 1490 916 30).
1520 889 1570 893 -—

202 917 294 955 Ossa
311 922 430 954 tamen
453 922 488 955 et
510 920 628 955 viscus
651 931 696 955 ex
709 921 877 965 pauxillis
899 920 1039 955 ossibus
1061 922 1097 954 et
1118 919 1315 954 visceribus
1331 920 1431 965 gigni
1453 930 1569 964 neque

201 981 266 1015 per
300 971 415 1006 iocum
452 968 593 1020 (woltj.
630 969 695 1020 31)
738 983 855 1016 neque
897 982 963 1016 per
1004 981 1162 1006 errorem
1197 970 1318 1006 dicere
1355 972 1499 1007 videtur
1534 984 1567 1007 v.

202 1023 275 1058 835
299 1034 354 1068 sq.
389 1044 432 1047 —
463 1023 604 1058 Deinde
634 1020 708 1071 (vv.
742 1020 937 1072 859—74)
969 1033 1095 1067 parum
1126 1025 1292 1057 accurate
1315 1023 1569 1069 Anaxagoram

200 1075 398 1121 impugnat,
421 1086 501 1110 cum
522 1075 702 1110 convincit
728 1085 851 1110 omnes
872 1085 931 1110 res
954 1074 1161 1109 commixtas
1183 1084 1262 1109 esse
1291 1085 1337 1109 ex
1358 1075 1568 1120 alienigenis

200 1126 363 1170 partibus
395 1137 427 1162 e.
459 1137 494 1171 g.
527 1127 626 1161 cibos
655 1136 701 1161 ex
728 1126 867 1162 ossibus
898 1128 934 1162 et
962 1126 1064 1161 venis
1091 1123 1158 1174 (ita
1179 1126 1265 1161 dicit
1287 1136 1331 1161 ex
1353 1126 1465 1171 ipsius
1488 1138 1566 1162 sen-

199 1178 314 1214 tentia
334 1189 405 1214 non
427 1178 505 1214 sine
526 1177 765 1214 inconstantia
787 1179 953 1226 quadam,
982 1188 1061 1214 cum
1083 1177 1272 1213 dicendum
1295 1178 1342 1213 sit
1363 1178 1461 1213 cibos
1484 1189 1566 1214 con-

200 1233 297 1266 stare
322 1242 367 1266 ex
388 1230 593 1276 primordiis
618 1231 749 1267 ossium
771 1234 808 1267 et
828 1227 1026 1280 venarum).
1066 1230 1250 1266 Postremo
1273 1226 1346 1279 (vv.
1371 1230 1446 1266 875
1469 1229 1566 1281 sqq.)

199 1280 376 1318 immerito
407 1282 440 1318 ei
470 1284 663 1327 exprobrat
690 1284 803 1330 quod,
837 1283 906 1318 etsi
927 1283 1014 1318 velit
1035 1279 1141 1318 ἁπλᾶ
1169 1293 1248 1317 esse
1278 1283 1416 1330 omnia,
1447 1286 1566 1318 tamen

199 1345 325 1395 parum
340 1334 409 1370 sibi
431 1334 686 1371 convenienter
706 1337 823 1371 sumat
844 1335 963 1370 omnia
984 1343 1064 1370 esse
1086 1332 1253 1369 συνθετα.
1297 1332 1401 1378 Quod
1423 1335 1566 1379 quidem

199 1387 314 1431 ipsum
335 1389 432 1422 recte
455 1385 639 1422 confutare
660 1387 812 1434 videtur,
849 1387 1109 1431 quoniamnon
1132 1386 1292 1422 omnibus
1314 1387 1421 1422 rebus
1444 1398 1566 1422 omnes

200 1448 275 1473 res
297 1438 477 1473 immixtae
498 1439 629 1485 latent,
661 1439 726 1473 sed
754 1438 944 1474 multarum
968 1448 1092 1486 rerum.
1111 1438 1290 1472 semina
1311 1438 1431 1473 multis
1458 1440 1565 1474 rebus

199 1490 399 1526 communia
419 1494 502 1526 sunt
524 1487 748 1539 (894—96).

303 1543 420 1578 Prave
440 1553 546 1587 porro
567 1542 679 1578 refert
691 1542 797 1578 Lucr.
819 1542 852 1578 V
866 1542 942 1576 644
956 1552 1035 1587 sqq.
1058 1541 1253 1577 Democriti
1276 1542 1321 1577 de
1348 1552 1454 1578 cursu
1480 1543 1566 1578 solis

201 1597 236 1630 et
257 1594 362 1630 lunae
389 1594 613 1630 sententiam.
667 1593 851 1630 Omittitur
880 1594 974 1630 enim
1008 1614 1052 1618 —-
1076 1593 1114 1629 id
1136 1594 1232 1638 quod
1253 1593 1377 1639 Woltj.
1400 1605 1460 1639 pg.
1492 1596 1564 1629 129

200 1646 431 1692 sagacissime
453 1646 546 1682 eruit
565 1667 610 1671 —
630 1657 739 1682 causa
760 1657 823 1682 cur
843 1647 948 1682 lunae
971 1646 1057 1682 solis
1079 1647 1265 1681 stellarum
1277 1649 1393 1682 motus
1414 1657 1484 1682 non
1499 1658 1564 1692 pro

200 1699 353 1744 simplici
383 1699 523 1734 ratione
554 1698 745 1734 distantiae
773 1710 795 1734 a
816 1702 914 1734 terra
934 1698 1180 1743 adaugescant
1205 1719 1249 1723 -
1273 1698 1326 1734 ita
1346 1701 1385 1734 ut
1405 1700 1489 1735 luna
1511 1701 1565 1735 sol

199 1751 324 1786 stellae
346 1761 447 1786 suum
470 1760 633 1795 quaeque
655 1750 824 1786 circulum
847 1749 972 1786 eodem
991 1750 1163 1795 temporis
1177 1750 1294 1795 spatio
1313 1750 1563 1786 circumferan-

197 1805 256 1838 tur
281 1823 340 1850 ——,
367 1801 432 1838 sed
453 1802 578 1838 stellae
606 1805 642 1838 et
669 1803 743 1849 sol,
771 1813 864 1847 quae
884 1802 1092 1847 longissime
1123 1813 1145 1837 a
1176 1804 1275 1838 terra
1296 1802 1431 1849 absint,
1463 1806 1564 1838 tanto

199 1854 350 1890 celerius
371 1857 581 1890 moveantur
603 1865 708 1899 quam
729 1855 833 1901 luna,
869 1857 909 1890 ut
939 1865 1010 1889 non
1039 1855 1094 1889 sol
1123 1855 1233 1890 semel
1262 1865 1362 1890 suum
1394 1855 1564 1891 circulum

198 1906 367 1941 maiorem
396 1908 584 1951 percurrat
613 1916 683 1951 quo
704 1908 865 1951 tempore
886 1917 987 1941 suum
1009 1907 1113 1952 luna,
1143 1907 1208 1941 sed
1228 1909 1267 1942 ut
1288 1907 1414 1942 stellae
1445 1908 1563 1942 lunam

198 1957 390 1994 duodecies
425 1968 517 1992 anno
547 1958 792 2003 adipiscantur
814 1968 884 2003 quo
906 1958 1016 1993 solem
1040 1958 1146 2002 paulo
1167 1960 1249 2002 post
1271 1968 1332 1993 eas
1354 1962 1563 2003 sequentem

196 2010 306 2046 semel
332 2012 634 2055 praetercurrant.
688 2006 783 2059 (Quo
804 2009 844 2045 fit
877 2030 920 2034 —-
950 2012 989 2045 ut
1009 2008 1077 2045 hoc
1099 2008 1229 2045 addam
1261 2029 1311 2035 —
1332 2013 1371 2045 ut
1393 2010 1447 2045 sol
1468 2010 1564 2046 idem

197 2062 350 2106 spatium
379 2072 472 2096 anno
503 2061 717 2097 videatur
746 2062 865 2108 obire,
897 2062 935 2096 in
957 2072 1027 2106 quo
1057 2062 1142 2096 luna
1171 2072 1329 2096 mensem
1359 2059 1563 2111 consumit).

196 2114 453 2157 Praeterquam
475 2112 570 2157 quod
591 2113 682 2148 ratio
704 2113 887 2148 celerioris
914 2115 1031 2148 motus
1052 2113 1138 2147 solis
1161 2116 1196 2147 et
1218 2114 1400 2148 stellarum
1422 2114 1562 2149 deside—

196 2167 315 2213 ratur,
361 2165 451 2200 haec
495 2165 686 2210 explicatio
729 2164 919 2210 perspicua
959 2167 1033 2211 est3
1073 2164 1141 2199 etsi
1175 2167 1283 2209 poeta
1320 2175 1400 2200 eam
1439 2168 1563 2210 utpote

197 2217 317 2252 nixam
346 2216 383 2252 in
412 2227 532 2252 errore
563 2227 729 2252 sensuum
758 2228 829 2252 non
852 2216 975 2252 debuit
997 2216 1212 2252 collaudare.
1267 2216 1401 2260 Quodsi
1437 2217 1561 2263 Woltj.

197 2266 274 2317 (pg.
317 2265 406 2317 183)
446 2279 492 2304 ex
528 2269 589 2304 illo
627 2268 713 2303 vitio
752 2268 956 2304 Lucretium
997 2267 1176 2303 concludit
1210 2268 1423 2304 sententiam
1464 2270 1563 2305 illam

198 2333 243 2357 ex
283 2320 430 2366 Epicuri
474 2332 545 2356 non
588 2331 634 2356 ex
667 2320 865 2357 Democriti
897 2319 1040 2366 scriptis
1075 2320 1306 2368 cognovisse,
1342 2331 1412 2356 non
1445 2322 1563 2368 magis

196 2373 265 2408 hoc
306 2372 393 2408 mihi
436 2374 609 2417 probatur
652 2384 757 2417 quam
798 2383 876 2408 cum
920 2384 965 2407 ex
1009 2372 1292 2420 discriminibus,
1342 2384 1433 2418 quae
1468 2374 1563 2409 iuter

197 2423 420 2471 Thucydidis
442 2427 478 2459 et
499 2424 657 2459 Lucretii
679 2424 905 2469 pestilentiae
928 2424 1187 2469 descriptiones
1209 2424 1445 2471 intercedunt,
1470 2436 1562 2470 quae

196 2477 283 2512 mihi
325 2477 468 2521 quidem
507 2477 708 2512 accuratius
751 2479 957 2521 comparata
998 2476 1145 2511 alteram
1184 2477 1331 2512 alterius
1369 2477 1561 2522 imaginem

197 2538 278 2563 esse
313 2529 417 2573 quasi
452 2527 642 2563 vociferari
678 2527 844 2563 videntur
878 2525 939 2576 (cf.
975 2528 1095 2572 Brieg.
1131 2528 1233 2563 Burs.
1262 2528 1427 2563 Jahresb.
1462 2530 1560 2564 1877

197 2580 243 2615 Π.
270 2577 346 2628 75),
369 2580 572 2615 Lucretium
591 2590 689 2615 suam
709 2590 754 2614 ex
769 2579 913 2624 Epicuri
931 2578 1142 2614 secundario
1165 2578 1264 2615 fonte
1278 2579 1438 2615 hausisse
1453 2580 1562 2617 efficit
