1809 3046
919 196 1126 230 -50-

335 298 406 335 iam
437 298 553 336 denuo
590 298 803 344 suscipimus
833 298 1100 347 quaestionem,
1133 309 1238 344 quam
1269 300 1353 335 ante
1375 299 1709 336 commentationem

334 353 451 396 ipsam
485 351 729 396 reposuimus:
775 362 858 386 num
904 351 1092 395 probabile
1130 352 1177 386 sit
1210 351 1247 385 in
1282 352 1516 396 perpoliendo
1552 351 1710 387 carmine

334 406 477 449 poetam
500 413 544 439 ea
565 405 784 439 remoturum
805 402 928 439 fuisse.
992 401 1094 447 Quae
1123 403 1240 449 ipsum
1261 402 1430 440 videntur
1449 403 1633 452 fefellisse,
1663 403 1708 440 de

336 457 389 492 cis
419 467 488 491 non
520 458 575 491 est
604 455 700 500 quod
730 456 910 501 copiosius
938 455 1077 502 dicam3
1106 456 1171 491 sed
1194 456 1324 491 multos
1345 467 1405 491 vv.
1428 456 1546 491 sciens
1568 457 1613 491 de
1636 464 1707 490 me-

336 508 448 542 moria
469 506 627 552 repetiit,
668 507 725 542 Ne
747 507 814 542 hos
838 506 982 552 quidem
1003 509 1103 542 recte
1125 505 1224 542 dices
1246 517 1327 542 eum
1349 509 1564 542 mutaturum
1585 506 1707 554 fuisse,

336 559 505 604 quoniam
527 558 661 594 diserte
683 558 862 595 interdum
890 557 1045 604 priorem
1076 559 1192 594 locum
1217 558 1421 604 legentibus
1442 559 1480 594 in
1501 559 1708 595 memoriam

336 614 492 657 revocat,
516 611 596 655 ipse
609 610 720 655 igitur
732 611 983 655 repetitionem
998 611 1187 646 admisisse
1202 609 1403 646 censendus
1417 614 1482 646 est.
1505 610 1707 655 Ampliores

336 665 457 697 autem
491 662 573 697 illas
609 673 776 697 versuum
812 662 1090 709 complexiones,
1130 671 1222 707 quae
1259 664 1299 697 ut
1332 662 1380 697 ad
1414 662 1567 698 verbnm·
1597 671 1707 708 saepe

335 714 529 750 concinunt
559 715 612 750 ita
642 715 784 750 evoluto
815 714 971 750 carmine
1000 714 1152 750 iteratae
1175 713 1352 761 videntur,
1383 714 1414 749 si
1436 714 1516 759 quis
1537 724 1601 750 eas
1624 725 1706 749 con-

335 766 460 801 tendat
490 766 697 801 Lucretium
728 767 764 800 in
796 767 903 801 aliam
935 765 1087 801 formam
1116 768 1321 800 coacturum
1353 765 1475 812 fuisse,
1504 776 1575 801 non
1596 766 1708 800 multa

334 816 451 852 habeo
483 827 575 861 quae
606 827 797 861 opponam.
846 817 1079 852 Emendatori
1109 827 1196 852 vero
1228 827 1273 852 ne
1295 827 1361 852 eae
1382 817 1526 862 quidem
1548 817 1707 853 tribuen-

336 867 404 905 dae
427 869 606 905 videntur.
660 869 754 904 Nam
778 880 994 914 quamquam
1017 869 1241 904 incommoda
1262 869 1445 917 orationis,
1475 880 1622 914 quorum
1645 870 1708 905 ali-

336 924 422 965 quot
443 921 691 967 iudicavimus,
716 921 871 956 embolia
892 920 1032 955 infirmo
1054 921 1264 965 plerumque
1287 920 1429 955 vinculo
1452 931 1531 955 cum
1553 921 1710 956 carmine

334 972 476 1020 iuncta,
506 975 737 1020 argumenta,
771 983 921 1017 quorum
952 972 1025 1008 alia
1055 975 1137 1008 sunt
1166 972 1281 1008 minus
1308 974 1516 1009 constanter
1537 972 1584 1008 ad
1605 972 1710 1008 finem
1758 981 1763 984 ⁴

336 1025 520 1072 perducta,
554 1025 626 1060 alia
653 1025 690 1059 in
721 1025 853 1060 iustum
884 1024 1046 1060 ordinem
1077 1035 1148 1059 non
1170 1025 1331 1071 redacta,
1357 1025 1556 1060 luculenter
1582 1025 1712 1060 docent

336 1087 480 1112 carmen
511 1088 583 1111 non
614 1076 778 1112 omnibus
810 1076 966 1111 numeris
998 1076 1200 1111 absolutum
1227 1086 1319 1123 esse,
1350 1078 1471 1112 tamen
1494 1078 1530 1112 et
1552 1076 1710 1122 disputa-

335 1129 453 1165 tiones
486 1132 522 1165 et
553 1128 737 1173 prooemia
770 1139 814 1164 ea
845 1139 917 1173 qua
946 1137 1041 1163 nnnc
1072 1131 1217 1164 exstant
1244 1127 1360 1164 forma
1386 1132 1562 1174 concepta
1589 1131 1712 1164 sunta

337 1181 516 1216 Lucretio.

901 1491 1053 1548 Caput
1082 1492 1147 1538 11.

539 1606 616 1653 De
655 1605 853 1653 ratione
893 1623 1024 1670 quae
1063 1605 1337 1654 intercedit
1380 1605 1516 1653 'mter

658 1676 961 1727 Lucretium
999 1685 1053 1728 et
1091 1677 1389 1744 Epicurum.

442 1798 642 1844 Woltjerus
686 1795 862 1848 (Lucretii
903 1799 1132 1846 philosophia
1175 1809 1256 1835 cum
1298 1797 1458 1835 fontibus
1493 1802 1711 1848 comparata,

339 1852 548 1897 Groningae
582 1848 699 1900 1877)
731 1855 834 1888 extra
860 1852 1118 1889 dubitationem
1145 1852 1265 1898 posuit
1286 1851 1493 1887 Lucretium
1513 1863 1586 1888 non
1607 1853 1712 1888 modo

338 1905 375 1938 in
399 1904 603 1938 universum
625 1904 772 1947 Epicuri
803 1904 1001 1939 doctrinam
1023 1905 1187 1950 reddere,
1219 1904 1284 1938 sed
1305 1903 1448 1947 singula
1470 1903 1579 1938 etiam
1602 1904 1648 1939 ab
1671 1915 1713 1939 eo

338 1955 512 2001 petivisse
543 1957 768 2000 argumenta.
833 1955 906 1991 Sed
937 1956 1033 2001 quod
1062 1955 1269 1992 discrimina
1290 1954 1426 2003 statuit,
1455 1954 1584 2001 quibus
1605 1956 1711 1992 Lucr.

339 2007 504 2053 magistri
522 2006 784 2053 philosophiam
800 2008 1061 2055 contaminarit,
1085 2019 1200 2054 eaque
1222 2010 1303 2043 orta
1325 2017 1405 2043 esse
1427 2007 1612 2043 contendit
1628 2009 1713 2044 inde

340 2059 437 2104 quod
458 2059 647 2094 Lucretius
669 2059 745 2094 eius
763 2062 918 2095 mentem
936 2070 1008 2094 non
1034 2060 1123 2095 satis
1141 2058 1355 2106 perceperit,
1378 2059 1472 2094 ultra
1488 2068 1613 2094 verum
1630 2069 1712 2104 pro-

340 2110 444 2157 gredi
464 2110 552 2146 mihi
574 2109 727 2147 videtur.

444 2163 640 2208 Epicurum
671 2164 723 2199 ait
752 2175 815 2209 pg.
850 2165 925 2199 100
956 2176 1011 2209 sq.
1045 2161 1106 2213 (cf.
1141 2174 1202 2209 pg.
1239 2161 1328 2212 178)
1363 2167 1605 2208 congruenter
1634 2172 1713 2199 cum

339 2215 592 2259 philosophiae
606 2225 692 2249 suae
705 2215 938 2250 fundamento
953 2216 1123 2250 statuisse
1136 2216 1339 2250 libertatem
1351 2215 1558 2262 voluntatis,
1579 2215 1712 2250 Lucre-

339 2266 426 2302 tium
448 2262 527 2316 (pg.
543 2262 609 2316 99)
630 2266 878 2303 inconstanter
897 2267 935 2303 in
959 2267 980 2303 l.
996 2267 1032 2303 11
1054 2267 1185 2304 docere
1206 2267 1426 2303 voluntatem
1448 2276 1528 2304 esse
1549 2267 1712 2315 liberam,

341 2322 467 2356 contra
490 2319 528 2368 iu
549 2320 573 2355 l.
597 2320 647 2355 IV
670 2330 750 2355 eam
772 2331 873 2355 suam
895 2320 1031 2356 habere
1054 2331 1211 2366 causam,
1240 2330 1328 2364 ergo
1356 2331 1427 2354 non
1448 2329 1529 2355 esse
1551 2316 1713 2355 liberam.

339 2371 428 2412 Mihi
451 2371 640 2406 Lucretius
671 2371 717 2406 de
739 2371 808 2407 hac
837 2382 878 2407 re
907 2381 1025 2416 neque
1046 2381 1166 2407 secum
1196 2371 1341 2406 videtur
1368 2377 1531 2416 pugnare
1552 2380 1669 2416 neque
1691 2382 1713 2406 a

340 2423 503 2468 magistri
525 2423 705 2460 sententia
726 2423 907 2460 aberrare.
953 2423 1018 2460 Oui
1041 2424 1185 2469 quidem
1208 2423 1293 2469 quid
1315 2423 1491 2474 placuerit
1512 2423 1713 2459 accuratius

340 2476 559 2521 perscrutari
580 2487 652 2511 non
673 2486 762 2520 opus
785 2479 852 2511 est.
897 2475 1030 2511 Omnes
1052 2476 1145 2511 enim
1167 2476 1361 2519 scriptores
1383 2473 1592 2510 confirmant
1612 2476 1711 2510 testi·

340 2527 495 2562 monium
511 2527 686 2571 Diogenis
701 2528 821 2562 Laert.
844 2527 905 2572 qui
919 2527 951 2562 X
967 2528 1015 2562 33
1039 2527 1151 2563 tradit
1175 2537 1255 2562 eum
1268 2526 1425 2563 voluisse
1439 2523 1504 2574 „16
1518 2523 1604 2575 παρ’
1619 2523 1713 2571 ἡμᾶς

340 2576 537 2616 ἀδέσποτον
558 2575 650 2615 εἶναι
671 2579 694 2615 i.
728 2591 760 2615 e.
789 2580 1008 2615 voluntatem
1030 2590 1111 2615 esse
1132 2579 1293 2615 liberam.
1349 2579 1457 2614 Cuius
1479 2579 1652 2614 libertatis
1679 2579 1712 2613 ei
