1809 3046
780 202 959 234 -7—

188 305 333 349 quidem
356 314 494 350 „quare
516 304 625 339 etiam
647 307 755 348 atque
777 302 909 340 etiam“
933 300 966 352 (Ι
988 303 1075 350 295,
1102 304 1213 349 1049,
1241 304 1275 338 ΙΙ
1298 304 1371 338 377
1397 330 1406 338 .
1431 301 1456 348 .)
1478 314 1549 339 non

187 356 318 391 idonea
339 354 515 401 videntur,
546 365 623 389 cum
646 355 775 399 quibus
797 356 992 400 iungantur
1013 358 1145 399 negata
1169 355 1231 389 illa
1256 355 1425 401 „minime
1443 355 1548 390 mira·

187 408 259 443 rier
281 409 336 442 est
356 404 447 451 par“
472 417 503 442 e.
526 418 561 452 g.
584 407 634 442 IV
657 407 730 442 289

328 465 439 502 quare
463 458 570 494 etiam
592 461 700 503 atque
723 458 827 494 etiam
849 458 992 493 minime
1014 458 1176 493 mirarier
1198 461 1253 492 est
1275 469 1351 502 par,

249 509 295 545 cf.
773 532 799 534 -r
811 532 822 534 v
852 510 976 554 procul
990 512 1045 545 est
1059 513 1097 545 ut
1110 510 1256 544 credere
1270 509 1385 553 possis
1399 510 1447 545 IV
1459 510 1547 545 856.

185 563 297 597 Porro
319 573 402 597 num
424 565 529 606 putas
551 574 609 598 vv.
634 563 665 598 V
687 562 774 599 855.
799 562 820 597 6

235 613 418 657 multaque
441 616 513 649 tum
537 614 715 649 interiisse
739 614 955 649 animantum
979 615 1098 649 saecla
1126 616 1374 649 necessest

237 675 319 699 nec
346 666 562 709 potuisse
590 666 823 710 propagando
846 666 1043 709 procudere
1066 666 1202 710 prolem

183 716 336 752 futurum
359 716 468 752 fuisse
498 721 536 753 ut
566 717 619 752 ita
646 717 970 764 conformarentur,
1003 717 1071 752 nisi
1102 717 1357 752 antecederent
1384 717 1547 751 similiter

184 769 281 803 elata

231 822 270 855 ut
291 820 525 865 propagando
553 820 738 865 possint
763 819 1018 865 procudere
1045 822 1165 857 saecla
1189 818 1324 869 (850)?

182 872 238 906 Ne
262 882 422 916 opponas
445 872 593 907 eandem
616 872 763 907 formam
787 875 929 907 exstare
952 873 1000 907 IV
1023 873 1110 907 495.
1136 874 1157 906 6

698 924 851 968 ideoque
881 927 1129 959 necessest

234 986 317 1009 non
353 974 540 1019 possint
566 974 655 1009 alios
677 975 738 1010 alii
761 976 973 1010 convincere
996 986 1132 1020 sensuS‚

183 1036 308 1061 moneo
330 1026 379 1061 ibi
401 1036 527 1061 versus
550 1026 681 1060 exitum
705 1026 881 1073 „ideoque
902 1025 1109 1061 necessest“
1133 1037 1177 1060 ex
1201 1038 1233 1060 v.
1258 1027 1333 1059 490
1350 1026 1478 1060 audiri.
1494 1046 1543 1050 -—

182 1077 286 1121 Quod
308 1078 368 1122 qui
390 1079 511 1123 negat,
534 1079 652 1113 tamen
675 1078 850 1122 largietur
871 1078 1023 1113 fortasse
1045 1089 1102 1113 vv.
1127 1079 1169 1112 V.
1196 1079 1279 1112 182.
1304 1078 1326 1111 3

233 1130 376 1165 notities
399 1129 578 1165 hominum
601 1130 655 1164 dis
677 1130 780 1165 unde‘
794 1133 848 1165 est
869 1130 979 1165 insita
999 1131 1161 1175 primum,

233 1182 320 1226 quid
341 1182 472 1217 vellent
495 1180 613 1216 facere
636 1186 674 1217 ιιι
695 1182 827 1217 scirent
848 1182 1035 1226 animoque
1058 1181 1250 1216 viderent?

183 1233 396 1277 compositos
418 1243 497 1268 esse
521 1233 567 1267 ad
590 1234 789 1278 exemplum
811 1244 976 1268 versuum
1000 1234 1029 1269 V
1054 1234 1256 1267 1047—49

718 1285 811 1320 unde
834 1286 940 1320 insita
962 1285 1104 1320 notities
1128 1288 1181 1319 est

233 1336 397 1371 utilitatis
420 1340 455 1372 et
477 1337 570 1371 unde
593 1337 679 1371 data
701 1339 755 1371 est
776 1336 859 1371 huic
880 1337 995 1380 prima
1016 1340 1187 1380 potestas⁷

234 1387 320 1431 quid
343 1389 460 1434 vellet,
485 1387 604 1422 facere
627 1391 664 1422 ut
686 1388 818 1423 scirent
839 1388 1029 1432 animoque
1052 1387 1244 1422 viderent?

181 1440 257 1474 Hoc
293 1439 386 1474 enim
428 1441 506 1474 loco
534 1439 729 1479 ,sententia
768 1440 843 1474 sine
880 1439 1031 1474 salebris
1069 1439 1120 1474 ita
1159 1438 1285 1473 currit:
1331 1439 1423 1474 unde
1461 1439 1542 1474 huic

181 1490 323 1526 notities
346 1491 508 1526 utilitatis
531 1491 639 1526 insita
662 1493 716 1525 est
739 1493 775 1525 et
797 1491 912 1535 prima
934 1493 1094 1535 potestas
1116 1490 1235 1525 facere
1258 1493 1297 1524 ιιι
1319 1491 1452 1525 scirent
1475 1488 1540 1538 (sc.

178 1539 304 1591 ceteri)
336 1543 524 1588 animoque
556 1543 719 1578 viderent
750 1542 834 1587 quid
862 1543 971 1577 vellet
993 1540 1059 1590 (sc.
1082 1539 1202 1590 ipse)?
1231 1542 1291 1576 illo
1322 1545 1440 1577 antem
1471 1554 1541 1578 non

178 1595 249 1630 alia
270 1594 375 1629 modo
398 1599 434 1630 et
455 1595 570 1631 minus
594 1596 741 1639 elegans
765 1598 819 1630 est
841 1598 1037 1630 structura:
1067 1594 1269 1630 notities
1292 1598 1337 1629 ut
1353 1595 1542 1639 ‚scirent

177 1647 366 1691 animoque
398 1647 561 1682 viderent
591 1647 679 1691 quid
702 1647 833 1681 vellent
861 1646 997 1693 facere,
1031 1647 1094 1681 sed
1124 1647 1244 1681 nescio
1276 1658 1321 1681 an
1353 1647 1443 1681 mira
1471 1648 1542 1682 sint

177 1698 289 1733 verba
311 1701 375 1744 „ut
397 1699 530 1733 scirent
553 1698 638 1743 quid
662 1698 794 1733 vellent
815 1696 972 1744 facere“‚
1006 1709 1083 1732 cum
1109 1701 1355 1742 exspectemus
1388 1702 1451 1745 „ut
1474 1699 1540 1733 sci-

177 1752 257 1783 rent
285 1750 345 1793 qui
378 1760 438 1784 eos
470 1746 508 1796 (i.
532 1760 563 1784 e.
596 1746 771 1796 homines)
801 1748 920 1783 facere
946 1748 1178 1792 possent“.
1234 1749 1334 1791 Quae
1362 1749 1541 1793 disputavi

178 1811 246 1834 non
275 1800 485 1835 refelluntur
519 1811 561 1835 eo
593 1800 687 1845 quod
718 1800 770 1834 illi
798 1810 923 1835 versus
954 1800 988 1835 in
1020 1800 1175 1835 carmine
1207 1800 1272 1835 hos
1302 1801 1539 1847 antecedunt3

178 1852 308 1887 etenim
339 1852 408 1887 iam
436 1852 685 1887 Lachmannus
715 1852 795 1887 aliis
825 1852 1022 1887 rationibus
1044 1864 1102 1887 vv.
1125 1852 1156 1887 V
1182 1853 1385 1887 110—234
1416 1856 1544 1897 postea

179 1903 325 1938 carmini
349 1903 506 1939 intextos
534 1914 612 1939 esse
635 1904 801 1938 ostendit.
836 1924 887 1928 ——
922 1905 961 1938 In
985 1904 1055 1938 alio
1079 1904 1289 1939 emblemate
1318 1906 1461 1939 exstant
1484 1917 1541 1939 vv.

178 1952 227 2004 (II
252 1952 491 2004 1058-66):

305 2018 382 2042 cum
397 2007 608 2052 praesertim
621 2006 679 2041 hic
690 2004 861 2054 (sc.orbis
870 2004 1060 2055 terrarum)
1075 2007 1121 2041 sit
1131 2010 1258 2042 natura
1268 2007 1395 2053 factus,
1412 2011 1447 2043 et
1463 2008 1542 2052 ipsa

303 2063 430 2103 sponte
452 2071 516 2094 sua
538 2058 629 2093 forte
655 2059 861 2093 offensando
883 2058 1018 2093 semina
1039 2069 1157 2093 rerum

182 2111 281 2145 1060
303 2111 519 2146 multimodis
541 2113 674 2145 temere
697 2110 733 2144 in
758 2121 898 2144 cassum
920 2109 1123 2155 frustraque
1147 2113 1272 2145 coacta

302 2164 445 2197 tandem
474 2163 729 2199 coluerunt,
753 2172 795 2197 ea
818 2172 909 2206 quae
932 2161 1094 2197 coniecta
1112 2165 1259 2206 repente

302 2225 510 2259 magnarum
532 2225 652 2248 rerum
679 2212 856 2249 fierent
883 2212 1030 2249 exordia
1052 2224 1203 2259 semper,

299 2267 409 2302 terrai
431 2267 539 2301 maris
562 2270 597 2301 et
619 2265 709 2301 caeli
730 2266 942 2310 generisque
963 2265 1193 2301 animantum.

177 2316 226 2367 (v.
252 2318 350 2353 1061
378 2317 612 2366 ‚,coluerunt“
643 2318 797 2353 restituit
824 2314 998 2366 Lachm.).
1048 2318 1104 2352 Ex
1134 2317 1191 2353 his
1214 2321 1312 2353 recte
1335 2318 1461 2362 opinor
1483 2318 1541 2353 hic

175 2370 431 2407 sententiarum
453 2380 666 2415 progressus
690 2369 849 2405 elicitur:
878 2367 933 2417 (In
955 2368 1093 2404 infinito
1116 2370 1231 2414 spatio
1254 2381 1324 2404 non
1348 2370 1541 2405 verisimile

176 2426 230 2458 est
252 2422 345 2458 hunc
367 2434 473 2457 unum
496 2423 618 2458 orbem
641 2425 816 2457 terrarum
842 2425 998 2457 creatum
1022 2432 1119 2467 esse,
1149 2425 1202 2457 tot
1223 2425 1341 2457 autem
1365 2423 1541 2457 elementa

175 2474 262 2509 foris
285 2474 373 2509 nihil
394 2471 533 2523 agere‚)
554 2474 767 2519 praesertim
791 2485 868 2508 cum
891 2473 949 2508 hic
972 2470 1099 2521 (orbis)
1123 2473 1248 2508 eadem
1270 2477 1418 2520 natura,
1448 2485 1540 2518 quae

175 2526 375 2562 dominatur
397 2527 434 2562 in
452 2526 630 2573 universo,
654 2525 769 2561 factus
788 2525 834 2561 sit
856 2528 891 2561 et
911 2525 1107 2570 primordia
1128 2536 1207 2561 eum
1230 2525 1364 2561 eisdem
1386 2527 1540 2562 motibus

175 2579 378 2626 effecerint,
410 2579 538 2623 quibus
566 2578 705 2614 omnino
737 2589 795 2613 res
823 2589 972 2622 magnas
1003 2599 1051 2603 —
1082 2581 1199 2614 terras
1230 2578 1343 2613 maria
1374 2581 1458 2614 cett.
1491 2599 1539 2603 —
