1809 3046
904 195 1110 228 ..52-

315 296 393 341 ipse
416 295 558 332 videtur
579 294 783 340 prohibere.
807 296 857 332 Ut
879 296 970 332 enim
995 296 1151 341 explicet
1173 308 1295 344 quare,
1320 296 1416 342 quod
1438 297 1565 343 cuique
1579 297 1691 333 libido

316 348 481 395 suaserit,
506 349 686 393 extemplo
707 358 809 384 mens
831 347 869 383 id
891 348 1037 394 cogitet,
1060 348 1164 394 fingit
1186 345 1236 397 (v.
1263 345 1352 398 797)
1383 349 1420 384 in
1447 349 1573 394 quovis
1603 352 1690 385 tem-

315 410 402 444 pore
425 402 461 434 et
482 400 561 435 loco
584 399 742 435 cuiusvis
762 400 909 445 generis
931 399 1122 435 simulacra
1143 403 1290 445 praesto
1322 411 1412 437 esse.
1437 422 1487 426 —
1509 401 1581 437 Sed
1608 401 1692 446 qnia

314 452 437 486 tenuia
466 453 560 497 sunt,
594 451 723 498 inquit,
754 453 893 487 animus
924 462 968 486 ea
995 453 1099 487 acute
1122 462 1269 487 cernere
1296 452 1431 498 nequit,
1454 453 1524 488 nisi
1546 464 1585 489 se
1608 464 1691 492 con-

313 503 439 537 tendit.
496 501 595 546 Opus
618 505 675 538 est
696 503 808 547 igitur
826 503 975 548 animus,
1000 502 1297 546 quemadmodum
1320 503 1426 548 oculi,
1450 503 1497 539 ad
1518 514 1562 539 ea
1584 504 1690 539 simu-

314 554 414 588 lacra
446 564 485 589 se
516 557 705 590 convertat
728 565 820 599 quae
843 564 991 589 cernere
1014 554 1123 598 cupit.
1173 554 1277 600 Nam,
1300 557 1339 590 ut
1360 555 1412 590 ait
1434 556 1523 602 237,
1545 556 1583 590 in
1604 556 1689 591 ima-

314 605 458 649 ginibus
489 615 599 641 causa
630 606 774 640 videtur
803 606 922 641 inesse
954 605 1127 640 cernundi
1156 616 1274 650 neque
1301 616 1409 651 posse
1440 606 1518 641 sine
1548 607 1603 642 his
1633 617 1691 642 res

313 657 387 691 ulla
417 656 546 692 videri.
616 657 706 692 Sunt
735 656 847 701 igitur
877 656 1067 692 simulacra
1102 656 1275 704 condicio,
1312 657 1388 693 sine
1424 668 1495 702 qua
1531 658 1691 704 cogitare

313 708 514 755 nequimus,
545 719 612 743 nec
635 719 721 743 vero
745 708 796 743 eis
820 708 980 753 cogitare
1009 708 1181 754 cogimur.
1244 709 1331 744 Cum
1363 709 1545 754 cogitandi
1573 712 1691 745 autem

313 760 454 795 ratione
487 770 532 794 ex
568 760 729 795 Lucretii
759 762 877 795 mente
915 759 1070 795 conferri
1099 763 1219 805 potest
1249 761 1340 796 ratio
1375 761 1530 796 meandi.
1593 762 1691 806 Ergo

314 822 360 846 ne
382 810 526 846 meandi
549 811 693 855 quidem
716 811 916 847 simulacris
936 811 1096 856 cogimur
1116 812 1324 856 procedere,
1348 812 1412 847 sed
1434 823 1513 848 cum
1532 813 1691 848 volumus

314 864 379 908 ire,
410 863 458 897 ad
490 873 535 897 ea
554 873 620 898 nos
643 862 901 898 contendamus
923 865 960 898 et
981 874 1148 907 paremus
1181 874 1329 899 necesse
1357 866 1423 899 est.
1479 863 1584 908 Quod
1611 875 1690 899 cum

313 914 504 961 possimus,
527 914 589 950 ubi
612 915 784 961 volumus,
809 915 974 950 voluntas
997 917 1053 950 est
1073 914 1201 950 libera.
1234 935 1284 940 —
1315 915 1416 951 Haec
1446 915 1477 950 si
1498 919 1595 952 recte
1619 916 1690 951 dis-

315 968 506 1014 putantur,
536 967 595 1002 vel
622 978 667 1002 ex
690 978 732 1002 eo
755 967 833 1002 loco
863 966 923 1011 qui
950 965 997 1002 ad
1024 967 1245 1002 voluntatem
1267 968 1412 1012 proprie
1437 978 1508 1003 non
1534 969 1692 1013 pertinet

314 1029 395 1053 eam
422 1029 502 1054 esse
524 1018 676 1054 liberam
704 1019 785 1054 elici
812 1021 942 1063 potest.
997 1019 1126 1054 Nonne
1149 1019 1240 1053 mira
1262 1022 1358 1054 esset
1392 1040 1435 1044 —
1469 1022 1508 1055 ut
1538 1019 1606 1055 hoc
1628 1020 1689 1055 ad-

316 1070 398 1105 dam
431 1090 481 1095 —-
512 1070 748 1115 interrogatio
771 1067 880 1119 (877)
904 1070 1009 1117 „qui
1041 1069 1134 1106 fiat
1154 1070 1223 1105 uti
1249 1081 1376 1115 passus
1397 1070 1559 1116 proferre
1582 1082 1689 1117 quea-

314 1132 411 1168 mus,
451 1133 529 1157 cum
560 1121 761 1170 volumus“,
794 1123 825 1158 si
855 1123 1018 1157 volentes
1048 1124 1168 1158 tamen
1194 1133 1264 1158 non
1286 1123 1498 1168 possemus?
1533 1145 1583 1149 —
1619 1124 1690 1159 Sed

314 1174 461 1208 obstare
484 1174 654 1208 videntur
684 1176 830 1209 nostrae
862 1173 1063 1208 sententiae
1093 1174 1205 1209 verba
1227 1170 1356 1222 (883):
1386 1174 1495 1221 „inde
1526 1196 1575 1199 —
1605 1175 1629 1210 i.
1658 1185 1689 1210 e.

315 1235 357 1259 eo
381 1224 691 1272 quod‘simulacra
713 1225 868 1260 animum
890 1225 1034 1270 pulsant
1056 1244 1106 1250 ——
1129 1225 1296 1261 voluntas
1316 1223 1393 1260 fit“.
1449 1226 1497 1261 At
1519 1226 1579 1271 qui
1600 1226 1691 1262 haec

314 1276 527 1322 accipienda
549 1277 621 1313 sint
642 1280 795 1323 apparet
817 1289 861 1313 ex
884 1277 1126 1324 sequentibus,
1156 1277 1284 1322 quibus
1307 1277 1579 1314 confirmantur:

807 1350 925 1385 neque
948 1339 1043 1375 enim
1070 1338 1191 1375 facere
1213 1339 1341 1384 incipit-
1362 1341 1472 1375 ullam

366 1403 441 1428 rem
465 1392 665 1439 quisquam,
690 1403 796 1437 quam
812 1388 840 1440 ¹)
863 1402 964 1427 mens
986 1390 1144 1437 providit
1166 1390 1252 1436 quid
1274 1392 1362 1427 velit
1383 1395 1486 1438 ante,

314 1454 351 1489 id
374 1454 469 1499 quod
497 1465 597 1489 mens
628 1453 815 1499 providet,
847 1455 901 1489 rei
924 1454 1150 1488 simulacrum
1179 1456 1245 1488 est.
1299 1454 1413 1488 Nemo
1443 1454 1553 1497 igitur
1583 1455 1691 1488 ullam

312 1517 389 1541 rem
412 1506 490 1541 sine
513 1505 714 1540 simulacris
737 1504 858 1542 facere
880 1505 1008 1549 incipit
1030 1501 1092 1553 (cf.
1115 1504 1147 1539 V
1173 1505 1244 1539 182
1269 1502 1379 1552 sqq.).
1403 1505 1468 1539 His
1491 1504 1690 1540 confirmari

313 1560 435 1602 potest
457 1558 556 1593 nulla
579 1557 758 1593 sententia
771 1557 841 1592 nisi
862 1557 971 1593 haec:
995 1557 1186 1591 simulacra
1207 1556 1349 1592 meandi
1363 1556 1518 1592 animum
1532 1560 1690 1592 nostrum

313 1610 474 1654 pulsant:
512 1609 596 1644 inde
630 1611 854 1653 potestas
889 1607 939 1643 fit.
997 1608 1078 1642 Non
1110 1618 1179 1652 quo
1212 1608 1412 1652 depravata
1439 1608 1485 1643 sit
1515 1608 1692 1653 scriptura

315 1671 407 1706 quae
429 1659 596 1707 traditur,
620 1659 685 1695 sed
709 1660 926 1706 explicatum
948 1659 1071 1707 habet,
1100 1658 1290 1695 dummodo
1311 1662 1455 1705 poetam
1481 1661 1619 1696 statuas
1641 1659 1692 1695 ita

314 1713 512 1758 cogitasse:
542 1712 732 1748 simulacra
753 1713 897 1758 pulsant
919 1712 1094 1747 animum:
1118 1711 1202 1747 inde
1224 1713 1390 1748 voluntas
1411 1711 1471 1759 fit,
1497 1712 1582 1757 quia
1603 1723 1691 1747 non

314 1765 417 1800 sine
440 1765 492 1800 eis
519 1764 596 1799 fieri
622 1767 742 1809 potest
764 1761 896 1813 (neque
920 1764 1014 1798 enim
1037 1762 1158 1798 facere
1180 1763 1307 1808 incipit
1329 1761 1443 1812 cett.).

420 1826 595 1870 Quoniam
632 1826 825 1872 disputatio
863 1825 946 1862 libri
967 1826 1018 1862 IV
1051 1836 1123 1861 non
1157 1827 1297 1870 pugnat
1333 1837 1411 1863 cum
1443 1825 1495 1861 eis
1531 1836 1623 1870 quae
1654 1826 1691 1861 in

314 1880 337 1914 l.
366 1879 401 1914 11
429 1879 665 1925 disseruntur,
694 1879 900 1914 Lucretium
924 1878 1126 1913 consentire
1150 1888 1229 1912 cum
1251 1878 1425 1922 magistro
1448 1877 1571 1922 colligi
1593 1877 1690 1913 licet.

315 1951 365 1955 —-
394 1931 450 1966 Ne
481 1931 668 1975 scrupulus
690 1930 862 1978 resideat,
890 1940 1007 1975 pauca
1037 1928 1206 1965 addenda
1236 1931 1318 1965 sunt
1341 1928 1386 1965 de
1408 1929 1470 1964 illa
1495 1929 1531 1964 vi
1554 1928 1690 1976 abdita,

315 1994 407 2028 quae
430 1993 489 2018 res
510 1982 684 2018 humanas

367 2045 498 2090 opterit
520 2048 557 2080 et
577 2044 747 2089 pulchros
769 2044 877 2079 fascis
900 2054 1102 2088 saevasque
1124 2053 1269 2079 secures

366 2098 579 2142 proculcare
602 2107 645 2131 ac
664 2096 817 2132 ludibrio
840 2096 909 2131 sibi
931 2095 1067 2132 habere
1089 2095 1232 2131 videtur
1257 2091 1305 2144 (V
1330 2092 1563 2142 1233-35).

313 2159 443 2205 Baylio
465 2159 561 2194 enim
583 2159 690 2193 Lucr.
719 2158 754 2193 h.
781 2158 805 2192 l.
838 2158 1084 2193 inconstanter
1110 2158 1182 2192 vim
1206 2157 1385 2201 quandam
1407 2156 1473 2191 fati
1494 2167 1691 2201 agnoscere

313 2212 412 2246 visus
442 2213 517 2257 est,
556 2221 662 2254 quam
694 2209 838 2254 quidem
867 2209 1145 2245 inconstantiam
1177 2219 1220 2244 eo
1248 2208 1359 2243 voluit
1395 2209 1559 2243 excusari
1595 2209 1692 2253 quod

314 2265 424 2307 poeta
446 2262 491 2297 de
513 2262 614 2306 volgi
636 2261 804 2306 opinione
827 2263 1034 2306 loqueretur
1053 2258 1114 2310 (cf.
1131 2259 1315 2296 Eichstad.
1339 2260 1396 2295 ed.
1415 2271 1476 2305 pg.
1501 2261 1549 2295 89
1572 2257 1691 2308 adn.);

315 2314 377 2350 alii
409 2311 677 2363 (Reisackerus,
702 2316 855 2358 quaestt.
880 2314 1038 2349 Lucrett.
1061 2324 1123 2358 pg.
1148 2311 1210 2359 35,
1234 2312 1299 2348 der
1320 2311 1610 2357 Todesgedanke
1632 2312 1692 2348 bei

315 2367 385 2402 den
411 2365 601 2412 Griechen,
632 2366 739 2401 Trier
764 2366 862 2400 1862
894 2376 956 2411 pg.
980 2366 1050 2412 463
1083 2364 1310 2410 Bindseilius‚
1341 2366 1496 2409 quaestt.
1532 2364 1692 2401 Lucrett.

315 2418 499 2463 Tanglimi
537 2418 636 2452 1867
673 2429 733 2463 pg.
774 2415 840 2466 27)
876 2418 969 2452 hanc
1004 2416 1280 2453 inconstantiam
1309 2416 1572 2462 imminuerunt,
1613 2427 1691 2451 cum

313 2582 328 2612 t
396 2539 455 2612 d1)
476 2538 564 2611 Lotco
585 2538 680 2570 huius
703 2538 846 2577 voculae,
876 2547 958 2579 quae
980 2538 1099 2570 omissa
1120 2539 1173 2570 est
1194 2536 1229 2568 in
1252 2536 1354 2576 codd„
1378 2535 1488 2568 nescio
1510 2545 1551 2567 an
1573 2536 1691 2568 substi-

329 2589 394 2612 uen
417 2589 471 2612 um
493 2580 520 2612 si
561 2579 650 2618 „ni“,
