1809 3046
762 216 942 250 „5—

174 323 219 358 cf.
243 322 333 357 haec
355 321 478 356 eadem
503 320 616 367 cibus,
638 320 675 355 in
698 330 808 355 venas
831 319 913 356 dum
936 319 1070 356 diditur
1091 321 1205 356 omnis
1227 321 1276 356 IV
1299 319 1373 355 955

226 372 361 407 diditur
382 372 418 405 in
443 382 551 406 venas
574 372 674 406 cibus
697 371 821 417 omnis,
846 374 955 415 auget
978 372 1112 415 alitque
1224 373 1273 406 VI
1295 373 1382 418 946,

225 423 357 460 mittier
379 423 424 458 ab
446 423 554 459 rebus
575 433 710 458 summo
733 422 777 458 de
800 433 948 468 corpore
970 433 1087 458 rerum
1111 420 1281 472 (effigias)
1414 423 1464 457 IV
1486 422 1535 457 43

225 477 270 511 ab
293 476 400 511 rebus
422 476 514 510 mitti
574 497 944 501 —————-————
1112 474 1246 524 (imago
1269 472 1392 523 debet)
1415 476 1463 509 IV
1487 475 1536 509 64

226 527 321 572 quod
343 537 456 571 genus
478 527 540 561 illa
561 526 648 562 foris
672 537 764 571 quae
785 537 870 562 vere
893 527 1173 572 transpiciuntur
1194 527 1243 561 IV
1266 528 1339 561 271

225 579 317 615 alter
338 581 375 614 et
478 599 974 604 ————————
1194 579 1244 614 IV
1268 579 1341 614 278

224 631 263 666 fit
285 642 426 675 quoque
448 631 492 666 de
515 631 661 676 speculo
683 630 719 665 in
743 631 924 675 speculum
946 634 984 665 ut
1005 631 1170 666 tradatur
1190 631 1308 676 imago
1331 632 1381 666 IV
1404 632 1478 666 326

223 693 336 727 usque
359 682 450 718 adeo
520 703 914 708 ἡ
944 684 1140 718 translucet
1334 684 1383 717 IV
1406 684 1479 717 332

224 746 268 771 ex
282 735 427 771 ineunte
437 746 527 771 aevo
543 734 765 770 coniunctam
776 738 882 780 atque
892 734 1010 770 uniter
1023 737 1142 780 aptam
1154 731 1299 783 (terram
1312 732 1403 784 ae'ri)
1417 735 1447 770 V
1460 735 1534 769 537

472 808 524 810 —
544 787 732 821 coniuncta
1024 790 1109 831 apta
1153 785 1266 834 (terra
1308 785 1400 835 aeri)
1416 788 1445 821 V
1461 786 1535 821 555

224 840 416 882 propterea
435 838 519 883 quia
537 841 610 873 tam
636 858 1123 862 -————
1153 842 1208 873 est
1231 836 1365 886 (anima
1379 834 1536 886 corpori)

224 892 335 925 mutat
357 890 449 925 enim
473 891 593 925 mundi
616 892 777 926 naturam
800 890 908 926 totius
931 893 1030 926 aetas
1387 891 1432 936 [V
1448 890 1536 937 558,

225 952 270 976 ex
291 941 433 986 alioque
455 942 545 977 alius
566 945 679 977 status
702 943 869 986 excipere
891 943 1009 977 omnia
1031 942 1138 977 debet
1163 944 1191 977 V
1215 943 1302 978 828.
1327 943 1348 977 9

225 993 275 1028 sic
296 993 407 1038 igitur
427 994 549 1029 mundi
570 996 733 1029 naturam
754 994 862 1029 totius
884 996 984 1029 aetas

224 1048 347 1092 mutat,
373 1049 408 1081 et
431 1056 475 1080 ex
497 1046 567 1081 alio
589 1049 721 1081 terram
745 1048 857 1081 status
879 1045 1011 1090 excipit
1032 1047 1124 1081 alter
1160 1046 1190 1080 V
1214 1046 1301 1081 834.
1326 1046 1347 1080 5

593 1100 773 1142 tamquam
797 1097 952 1132 demissa
974 1098 1137 1132 columna

223 1148 260 1183 in
283 1158 380 1183 mare
403 1148 448 1183 de
472 1149 571 1184 caelo
1143 1148 1190 1183 VI
1213 1149 1301 1183 426.
1327 1149 1347 1182 7

525 1223 530 1224 ν
1143 1201 1190 1235 VI
1213 1201 1300 1235 433.

171 1251 212 1285 In
234 1250 384 1287 diversis
408 1252 628 1297 argumentis
655 1254 836 1297 tamquam
858 1252 1122 1297 propositiones
1153 1252 1228 1287 sive
1257 1252 1437 1287 clausulae
1460 1251 1536 1286 sive

172 1302 457 1340 confirmationes
479 1306 687 1349 repetuntur
708 1315 774 1339 vv:

224 1358 305 1390 sunt
326 1356 436 1400 igitur
459 1356 573 1391 solida
595 1356 789 1400 primordia
811 1356 1040 1401 simplicitate
1063 1356 1079 1389 Ι
1103 1356 1176 1390 609

222 1428 564 1432 ην-
594 1407 765 1452 pollentia
812 1428 853 1431 —
1062 1408 1078 1441 I
1102 1408 1177 1441 574

172 1458 217 1494 cf.
245 1462 283 1494 at
312 1470 404 1503 quae
431 1462 512 1494 sunt
543 1459 658 1494 solida
687 1459 882 1504 primordia
914 1459 1142 1503 simplicitate
1170 1460 1203 1493 II
1229 1460 1314 1505 157,
1347 1458 1391 1494 dc
1417 1459 1432 1493 Ι
1460 1459 1534 1493 548

171 1510 217 1545 cf.
241 1521 301 1555 pg.
326 1511 376 1544 40

223 1572 268 1597 ne
290 1561 355 1596 tibi
377 1571 435 1596 res
457 1562 607 1597 redeant
629 1561 675 1596 ad
698 1562 805 1596 nilum
829 1561 989 1596 funditus
1022 1572 1143 1596 omnes
1174 1563 1189 1595 Ι
1222 1562 1308 1608 797,
1342 1562 1358 1595 Ι
1382 1562 1456 1595 673
1489 1561 1535 1596 cf.

222 1624 283 1658 pg.
308 1614 369 1660 36,
393 1614 426 1648 II
452 1613 524 1648 756
550 1613 594 1648 cf.
617 1625 678 1658 pg.
703 1614 764 1660 36,
789 1614 822 1648 ΙΙ
845 1614 922 1648 864
945 1613 991 1648 cf.
1015 1625 1076 1658 pg.
1100 1614 1147 1648 41

223 1676 267 1700 ne
286 1676 344 1700 res
360 1665 406 1700 ad
421 1666 529 1700 nilum
546 1666 756 1710 redigantur
770 1665 928 1700 funditus
943 1676 1065 1701 omnes
1080 1666 1096 1699 1
1108 1667 1194 1712 791,
1210 1666 1244 1700 11
1260 1666 1332 1700 752
1350 1666 1395 1701 cf.
1411 1678 1470 1711 pg.
1487 1668 1534 1701 36

224 1719 413 1762 praeterea
436 1718 466 1752 si
488 1718 696 1753 immortalis
719 1719 846 1752 natura
867 1717 1032 1765 animaist
1054 1718 1105 1752 111
1130 1718 1204 1752 624

224 1832 304 1855 nam
313 1821 554 1855 communibus
562 1820 655 1856 inter
664 1831 702 1855 se
708 1820 889 1855 radicibus
895 1819 1046 1856 haerent
1053 1770 1205 1869 ἔὲξιίῗῃῖιῖ
1214 1824 1248 1856 et
1255 1819 1397 1870 corpus)
1404 1822 1536 1856 111325

1052 1870 1166 1920 (terra
1179 1876 1216 1908 et
1230 1871 1395 1921 mundus)
1417 1875 1446 1908 V
1463 1874 1537 1908 554

223 1936 303 1959 nam
328 1935 390 1959 cur
413 1924 495 1958 luna
519 1927 627 1968 queat
651 1951 659 1959 .
685 1951 693 1959 .
1141 1925 1171 1959 V
1195 1924 1267 1959 753

222 1980 382 2021 tempore
406 1976 530 2011 eodem
554 1976 641 2011 aliut
664 1976 784 2012 facere
807 1977 845 2012 id
868 1988 937 2012 non
960 1987 1065 2022 posse
1087 1979 1231 2022 putetur
1267 1974 1269 2007 Ξ
1309 1987 1437 2021 corpus
1463 1976 1536 2011 756

223 2032 259 2064 et
281 2039 344 2063 cur
365 2031 461 2062 terra
484 2031 591 2072 queat
614 2055 623 2063 .
649 2055 657 2063 .
1139 2029 1171 2063 V
1195 2029 1267 2063 762

226 2083 387 2125 tempore
412 2079 536 2115 eodem
560 2079 648 2114 aliut-
669 2083 824 2124 nequeat
847 2106 855 2115 .
881 2107 889 2115 .
915 2107 923 2115 .
951 2078 1100 2128 {corpus
1194 2080 1267 2114 765

571 2158 579 2167 .
604 2159 612 2167 .
637 2143 699 2167 cur
720 2131 777 2167 hic
799 2134 920 2177 posset
943 2159 951 2167 .
977 2159 984 2167 .
1112 2132 1142 2168 V
1170 2132 1267 2167 1043

224 2186 384 2228 tempore
408 2184 533 2218 eodem
556 2184 617 2217 alii
639 2183 758 2219 facere
781 2184 818 2218 id
839 2195 909 2219 non
934 2184 1053 2228 quisse
1076 2185 1269 2228 putentur?
1296 2183 1393 2217 1045

225 2245 332 2279 porro
355 2235 443 2269 aliut
466 2235 632 2270 clarescit
654 2238 690 2270 et
712 2246 731 2270 e
754 2236 1013 2280 contemptibus
1036 2236 1110 2270 exit
1133 2236 1164 2269 V
1187 2236 1261 2269 833

455 2286 615 2322 succedit
661 2308 1095 2311 Μ-
1134 2287 1166 2322 V
1191 2287 1288 2321 1278

227 2337 332 2382 fulgit
344 2338 428 2373 item
563 2349 641 2373 cum
663 2341 848 2373 rarescunt
871 2348 1009 2383 quoque
1033 2339 1156 2373 nubila
1224 2339 1315 2373 caeli
1337 2339 1386 2373 VI
1408 2339 1483 2372 214

226 2392 413 2434 praeterea
435 2386 556 2438 (pluit)
921 2411 925 2413 -
1029 2395 1035 2399 “
1076 2411 1081 2412 ⁷
1198 2390 1316 2425 ventis
1340 2390 1387 2424 VI
1410 2389 1484 2423 513

227 2445 374 2486 propter
396 2442 602 2477 dissimilem
625 2445 787 2477 naturam
811 2442 1063 2486 dissimilisque
1102 2439 1105 2490 Ι
1143 2445 1303 2477 texturas
1336 2438 1445 2490 (aliae
1480 2452 1539 2477 res

813 2494 892 2528 aliis
907 2493 1145 2529 animantibus
1160 2497 1267 2538 aptae
1281 2491 1377 2541 sunt)
1401 2494 1449 2527 VI
1465 2493 1538 2527 775

812 2547 980 2589 textaque
994 2554 1112 2579 rerum
1122 2542 1236 2593 (suam
1253 2545 1403 2590 quisque
1414 2555 1539 2579 sensus

813 2608 888 2635 rem
909 2594 1079 2647 percipit)
1102 2598 1151 2633 V1
1175 2598 1269 2646 9903
