1809 3046
778 219 982 254 —15—

197 322 415 357 Heraclitum
437 324 572 356 tantum
595 325 631 356 et
652 322 713 366 qui
732 325 876 366 praeter
898 332 977 357 eum
996 322 1115 365 ignem
1136 322 1318 356 materiem
1341 331 1459 355 rerum
1482 330 1561 354 esse

197 374 406 421 voluerunt,
437 373 501 409 sed
524 373 631 408 etiam
661 374 708 408 ad
730 374 818 409 alios
841 373 1092 419 philosophos,
1126 372 1170 408 de
1193 373 1321 418 quibus
1353 375 1461 407 antea
1491 383 1561 406 non

198 425 346 460 dicitur:
371 429 617 471 „quapropter
639 426 700 469 qui
721 427 905 460 materiem
927 436 1046 460 rerum
1069 425 1188 469 ignem
1211 436 1289 460 esse
1311 427 1492 469 putarunt,
1518 450 1526 458 .
1552 450 1560 458 .

197 480 234 511 et
255 477 316 521 qui
337 481 423 512 aera
444 477 704 512 constituerunt
726 478 949 523 principium,
973 480 1035 511 aut
1054 477 1114 520 qui
1137 487 1294 512 umorem
1313 479 1481 520 putarunt
1503 486 1561 510 res

198 527 332 573 fingere
356 556 365 564 .
389 555 398 564 .
423 555 431 564 .
466 539 488 563 a
518 538 603 563 vero
634 527 798 564 derrasse
828 526 1031 564 videntur“.
1097 528 1137 562 In
1169 528 1290 563 Tohtii
1317 537 1402 562 vero
1429 527 1561 562 inclino

197 580 428 626 sententiam,
461 580 521 624 qui
542 591 601 615 vv.
625 580 829 615 635—704
858 583 983 625 postea
1005 580 1159 615 insertos
1181 590 1260 615 esse
1288 583 1420 625 censet,
1453 582 1561 623 atque

198 631 402 666 Lucretium
434 631 645 667 crediderim
676 632 712 666 in
739 632 971 667 retractando
990 631 1146 666 carmine
1169 642 1226 666 vv.
1253 631 1326 665 705
1355 641 1434 674 sqq.
1458 631 1563 665 aliter

198 680 250 732 (in
271 682 365 719 hunc
386 683 537 718 fortasse
559 683 718 718 modum:
742 683 908 728 quoniam
931 683 990 728 qui
1014 683 1133 728 ignem
1157 683 1416 717 constituerunt
1431 682 1560 726 princi—

200 735 313 782 pium,
345 735 586 770 demonstravi
618 746 777 782 errasse,
810 735 915 770 etiam
938 738 1094 780 ceteros,
1128 735 1189 779 qui
1219 745 1377 769 umorem
1403 737 1489 769 a'e'ra
1513 761 1521 768 .
1552 760 1560 768 .

198 789 414 833 posuerunt,
455 788 575 830 lapsos
615 797 694 822 esse
730 784 933 834 expediam)
973 797 1052 821 cum
1091 787 1385 822 antecedentibus
1417 785 1560 820 coniun-

198 842 335 873 cturum
359 841 395 873 et
416 849 475 872 vv.
501 839 721 885 782—802,
751 839 812 883 qui
832 839 880 873 ad
902 838 1074 873 Heracliti
1105 838 1235 883 dogma
1257 839 1419 883 redeunt,
1451 836 1561 872 fuisse

198 893 425 924 mutaturum.
461 910 512 913 —
548 890 624 923 Hac
655 891 794 924 ratione
826 890 912 924 satis
941 890 1138 933 explicatur
1169 890 1229 933 qui
1260 889 1393 924 factum
1423 889 1490 934 sit,
1523 892 1561 922 ut

199 951 311 984 parvo
339 939 526 974 interiecto
548 940 735 975 intervallo
758 940 796 974 hi
819 950 943 975 versus
965 942 1221 984 repeterentur.

301 1007 382 1042 Non
403 1007 516 1041 maius
547 1008 700 1050 spatium
722 1007 914 1041 intercedit
944 1007 1036 1040 inter
1067 1018 1123 1040 VV.
1148 1007 1181 1040 II
1204 1007 1291 1040 478.
1316 1007 1337 1039 9
1367 1010 1401 1040 et
1424 1006 1512 1040 522.
1536 1007 1558 1038 3

250 1057 344 1101 quod
366 1058 531 1101 quoniam
555 1057 659 1091 docui
681 1067 829 1101 pergam
852 1060 1038 1091 conectere
1061 1067 1135 1091 rem
1162 1068 1253 1100 quae

249 1119 294 1144 ex
315 1108 383 1143 hoc
405 1111 491 1153 apta
511 1107 616 1143 fidem
640 1108 757 1154 ducat,
780 1107 974 1152 primordia
995 1119 1145 1143 rerum.
1171 1135 1179 1142 .

435 1157 519 1208 (Gn.
543 1162 605 1207 23,
628 1160 694 1195 To.
718 1160 806 1206 545,
829 1161 889 1195 Br.
914 1157 1017 1208 202).

196 1227 288 1262 Fere
329 1237 451 1261 omnes
487 1226 712 1262 consentiunt
743 1237 804 1261 eos
839 1225 998 1261 inferiori
1034 1227 1111 1261 loco
1150 1226 1434 1261 accommodatos
1471 1236 1561 1272 esse,

197 1279 364 1323 quoniam
388 1278 471 1313 inde
486 1279 588 1323 ,quod
610 1279 744 1314 formae
771 1279 1043 1323 primordiorum
1064 1278 1185 1313 finitae
1208 1289 1353 1313 numero
1377 1278 1447 1313 sint
1469 1275 1561 1325 (478

196 1327 351 1377 -521),
375 1341 594 1374 consequens
617 1330 663 1365 sit
684 1330 760 1365 sive
781 1330 886 1365 fidem
910 1330 1015 1365 ducat
1037 1330 1167 1365 similia
1193 1331 1388 1374 primordia
1411 1340 1488 1365 esse
1507 1331 1558 1364 in-

196 1380 295 1416 finita
316 1380 406 1429 (522
431 1379 546 1430 sqq.),
577 1381 758 1426 superiore
787 1384 906 1416 autem
934 1382 1010 1416 loco
1034 1391 1094 1416 eos
1114 1391 1193 1416 esse
1215 1382 1373 1428 ineptos,
1406 1381 1491 1425 quia
1515 1392 1558 1416 ex

195 1434 565 1479 antecedentiparte,
599 1444 669 1477 qua
690 1433 862 1477 probatur
893 1433 1164 1477 primordiorum
1186 1433 1318 1477 figuras
1341 1444 1419 1468 esse
1442 1434 1557 1468 multi-

195 1495 325 1530 genas,
357 1495 427 1518 non
457 1488 555 1519 recte
586 1483 835 1519 efficiatur
862 1483 1055 1530 figurarum
1087 1495 1269 1518 numerum
1301 1495 1380 1519 esse
1411 1484 1557 1519 finitum.

196 1536 242 1571 At
264 1536 294 1571 si
316 1536 516 1571 accuratius
538 1546 612 1570 rem
634 1536 900 1582 perpendimus,
923 1546 992 1570 non
1015 1536 1119 1571 ideo
1143 1536 1263 1580 quod
1285 1536 1557 1580 primordiorum

195 1587 329 1622 formae
351 1598 496 1622 numero
519 1587 637 1622 finitae
660 1590 751 1633 sunt,
771 1587 901 1622 similia
927 1590 1008 1622 sunt
1029 1587 1177 1633 infinita,
1202 1588 1266 1622 sed
1295 1598 1558 1631 quamquam

196 1638 367 1673 distantia
402 1638 592 1673 formarum
623 1637 721 1673 finita
752 1641 823 1685 est,
860 1638 989 1673 similia
1019 1636 1170 1686 (tamen)
1201 1638 1337 1673 infinita
1367 1643 1462 1684 sunt,
1496 1643 1558 1673 aut

195 1687 306 1739 (denn
341 1687 455 1738 sonst)
491 1701 626 1725 summa
658 1690 829 1725 materiae
864 1690 965 1725 finita
996 1693 1195 1736 constaret,
1228 1691 1325 1725 sive:
1364 1690 1559 1735 primordia

192 1742 322 1777 similia
343 1745 425 1777 sunt
444 1752 589 1775 numero
612 1741 748 1776 infinita
772 1762 817 1767 -——
843 1742 1129 1786 quandoquidem
1161 1753 1297 1777 summa
1328 1743 1480 1777 omnium
1504 1743 1556 1776 in-

191 1792 290 1828 finita
312 1796 365 1828 est
388 1813 437 1818 —
468 1792 559 1827 nisi
586 1792 779 1828 varietates
810 1792 970 1828 infinitae
1001 1796 1082 1828 sunt
1113 1793 1136 1828 i.
1160 1804 1192 1828 e.
1224 1793 1261 1827 si
1291 1793 1460 1828 distantia
1487 1793 1556 1828 for-

191 1856 326 1880 marum
348 1844 447 1879 finita
469 1850 535 1880 est.
585 1844 689 1887 Quod
712 1845 742 1879 si
763 1845 946 1890 probatur,
970 1856 1058 1880 non
1081 1845 1331 1890 colligitur
1353 1856 1404 1880 ex
1426 1848 1557 1880 ante-

193 1897 475 1932 cedentibus
503 1896 698 1940 primordia
721 1897 878 1931 eiusdem
901 1896 1035 1932 formae
1059 1908 1137 1931 esse
1160 1897 1309 1943 infinita,
1333 1898 1398 1932 sed
1420 1897 1558 1932 infinita

191 1951 284 1994 sunt,
308 1948 401 1994 quia,
423 1948 453 1982 si
471 1958 541 1982 non
561 1950 692 1994 essent,
716 1958 851 1982 summa
870 1949 1040 1983 materiae
1059 1947 1159 1982 finita
1179 1952 1358 1984 constaret
1377 1946 1480 1997 (527.
1505 1947 1555 1997 8).

191 2000 294 2035 Unde
317 1999 546 2043 consequitur
561 2010 696 2044 versus,
717 2000 760 2034 de
776 2000 904 2043 quibus
928 2000 1089 2046 dicimus,
1113 2011 1158 2034 ne
1173 2000 1292 2044 priore
1316 2001 1457 2044 quidem
1478 2002 1556 2035 loco

192 2052 323 2086 debere
360 2050 562 2094 significare
606 2050 767 2096 „effici
806 2051 992 2094 sequentia
1037 2062 1081 2085 ex
1116 2050 1454 2097 antecedentibus“,
1492 2053 1555 2086 sed

191 2112 297 2147 posse
328 2103 449 2137 valere
480 2105 587 2149 „apte
619 2102 757 2137 conecti
793 2113 892 2146 sequ.
926 2113 1004 2137 cum
1033 2101 1234 2137 antecedf‘.
1279 2104 1357 2137 Hoc
1390 2103 1494 2138 modo
1526 2104 1556 2137 si

191 2152 460 2200 interpreteris,
490 2154 629 2189 molesti
660 2165 729 2189 non
760 2154 935 2189 videntur.
997 2154 1089 2189 Nam
1120 2165 1198 2189 cum
1236 2155 1432 2201 sententia,
1465 2166 1556 2199 quae

191 2209 299 2241 antea
326 2206 498 2251 probatur
530 2216 659 2253 „quam
690 2205 907 2250 multigenae
940 2206 1010 2240 sint
1040 2205 1175 2240 formae
1207 2205 1440 2253 atomorum“‚
1473 2211 1556 2251 apte

191 2258 391 2293 conectitur
412 2257 520 2293 haec:
555 2254 674 2306 „(sed)
697 2257 908 2293 varietatum
936 2268 1101 2293 numerus
1130 2269 1200 2293 non
1231 2262 1286 2294 est
1317 2258 1497 2294 infinitus“
1516 2256 1555 2308 ¹).

296 2431 329 2471 1)
350 2431 401 2462 Ita
421 2439 488 2462 non
510 2439 590 2471 opus
620 2431 747 2463 videtur
774 2440 897 2472 ponere
920 2432 997 2462 ante
1020 2441 1047 2462 v.
1071 2430 1133 2463 478
1155 2431 1357 2464 intercidisse
1379 2431 1439 2464 hoc
1461 2441 1556 2473 argu-

189 2476 335 2505 mentum
367 2471 456 2510 „dass
471 2481 522 2519 ‘es
559 2472 632 2504 eine
661 2473 789 2505 Grenze
818 2473 870 2504 fiir
898 2472 950 2503 die
973 2472 1093 2504 Grosse
1121 2474 1178 2505 der
1203 2475 1317 2505 Atome
1346 2474 1465 2514 gebe·‘‚
1495 2485 1557 2514 qua

189 2515 371 2555 suspicione
392 2514 446 2545 Br.
468 2513 540 2545 lllos
569 2523 680 2546 versus
700 2515 808 2563 ‘etiam
839 2514 934 2545 aliter
955 2514 1140 2546 intellectos
1169 2515 1335 2555 superiore
1363 2515 1433 2547 loco
1460 2519 1555 2547 acute

189 2554 732 2629 ἓξὲἓὲῗῐὲἒὲὲῗέᾲωᾛίθῑᾱὲὶ
745 2556 873 2638 (13ὲὲἓὲ
878 2556 961 2628 18Ἒο
971 2556 1557 2639 εῗῖἳῗθῆξᾚ)ξοὲθὲ93έοὲῗῐζὲοἷὲ
