1809 3046
767 209 974 244 -35-

188 313 237 348 Hi
265 324 323 348 vv.
363 313 507 358 repetiti
546 317 629 350 sunt
659 324 679 349 e
711 314 735 349 l.
771 314 800 359 Ι,
839 313 891 349 ita
928 316 968 348 ut
1008 324 1125 360 „quae
1159 313 1249 350 nos“
1289 315 1326 350 in
1370 315 1425 363 „si
1460 313 1555 351 non“

188 367 397 400 mutaretur.
451 365 532 409 Qua
561 366 756 401 mutatione
793 365 925 410 duplex
942 364 1146 401 ,difficultas
1176 369 1260 402 nata
1290 370 1356 403 est.
1400 367 1556 402 Primum

189 416 283 452 enim
314 416 428 463 deest,
459 417 582 462 quod
611 418 722 453 cimus
753 420 789 453 et
818 427 934 462 quae
964 421 1144 462 nequeant
1174 445 1182 453 .
1208 445 1216 453 .
1241 445 1251 465 ,
1281 422 1471 464 praeterea
1497 431 1557 455 vv.

190 479 267 503 cum
290 469 586 505 antecedentibus
607 480 677 505 non
702 471 947 505 conectuntur.
984 468 1122 513 Quibus
1137 470 1182 505 de
1197 471 1313 506 causis
1332 471 1403 507 iam
1418 471 1555 506 Bocke-

189 520 381 556 muellerus
403 531 465 557 eos
487 532 558 556 una
580 532 658 557 cum
681 522 844 567 sequenti
863 521 978 557 eiecit.
1030 521 1100 556 Alii
1115 518 1318 570 (Christius‚
1334 523 1379 559 cf.
1395 524 1455 558 Br.
1471 524 1494 558 l.
1515 520 1556 572 l.)

190 575 299 607 antea
325 573 489 608 lacunam
519 576 689 620 statuunt,
721 574 781 609 Br.
814 576 933 609 autem
963 584 1024 609 eos
1056 574 1227 618 reliquias
1254 575 1426 619 pristinae
1450 586 1556 620 argu-

190 624 417 659 mentationis
437 625 613 660 uberioris
627 627 907 673 (verstiimmelte
922 626 1036 660 altere
1051 623 1233 674 Fassung)
1249 637 1328 661 esse
1343 628 1556 672 suspicatur,

190 675 314 710 Munro
330 676 484 720 denique
499 676 660 711 defendit
672 687 746 723 eos,
761 686 840 710 cum
854 687 899 711 ex
913 677 1145 721 sequentibus
1161 677 1375 724 „quaesita“
1388 677 1555 725 „omnia“

190 726 366 763 obiectum
385 729 423 763 et
438 727 636 764 subiectum
654 738 746 773 quae
765 727 1014 765 desiderantur
1036 728 1082 764 ad
1105 730 1217 765 verba
1238 728 1398 777 „cimus“
1417 733 1453 765 et
1471 741 1555 777 „ne-

190 777 347 824 queant“
367 782 525 815 revocat.
545 801 587 805 —
604 780 687 816 Non
705 780 847 825 quidem
868 780 1160 826 interpolatorem
1179 792 1241 817 eos
1264 792 1284 816 e
1308 783 1332 817 l.
1353 783 1370 817 1
1392 781 1556 826 deprom-

189 831 305 875 psisse
327 832 386 866 vel
413 842 458 867 ex
479 832 675 867 mutatione
697 833 825 878 elucet,
856 833 1066 876 praesertim
1096 844 1173 867 cum
1202 836 1414 869 conservata
1442 833 1556 869 forma

190 882 314 918 nativa
343 883 458 918 altera
488 886 586 919 certe
616 883 780 919 molestia
808 884 922 920 vitata
954 887 1048 920 esset
1078 881 1185 933 (quae
1207 896 1272 920 nos
1298 913 1306 920 .
1332 912 1340 920 .
1365 886 1488 933 cimus,
1512 897 1555 921 ea

190 937 317 979 sponte
331 944 396 970 sua
410 933 617 984 nequeant).
652 936 949 981 Interpolatorem
963 936 1089 981 opinor
1103 937 1195 971 tales
1209 937 1396 972 molestiae
1413 938 1554 972 omnino

189 996 261 1022 non
282 985 471 1031 fugissent.
499 987 547 1023 At
564 988 624 1033 qui
641 999 699 1023 vv.
715 988 888 1023 memoria
903 989 1061 1034 tenebat,
1076 999 1157 1023 eum
1171 988 1276 1023 facile
1290 988 1416 1025 fallere
1430 992 1553 1034 potue-

189 1040 283 1085 runt,
310 1049 389 1073 cum
411 1039 592 1074 scribendi
613 1039 732 1074 studio
756 1039 930 1085 ferretum
958 1060 1001 1063 —
1026 1039 1229 1074 Lucretium
1251 1043 1370 1075 autem
1394 1042 1555 1085 quamvis

192 1090 472 1136 „pedetemptim
493 1088 807 1135 progredientem“
836 1093 958 1125 tamen
979 1091 1107 1126 multas
1129 1094 1251 1134 partes
1275 1092 1441 1127 carminis
1463 1094 1555 1127 cele-

190 1141 279 1177 riter
300 1141 497 1178 confecisse
520 1153 539 1178 e
562 1140 802 1188 compluribus
824 1142 966 1177 indiciis
989 1143 1157 1188 cognosci
1181 1143 1266 1179 licet
1287 1145 1385 1182 velut
1403 1155 1422 1179 e
1439 1144 1556 1189 longis

190 1193 360 1241 periodis,
385 1194 508 1238 quales
530 1197 673 1230 exstant
693 1195 711 1229 I
734 1194 808 1229 936
831 1205 910 1238 sqq.
935 1190 1000 1242 (z
1023 1195 1074 1230 IV
1097 1196 1142 1229 11
1167 1192 1276 1244 sqq.),
1304 1196 1339 1230 H
1363 1196 1436 1230 757
1462 1207 1554 1242 sqq„

189 1245 242 1279 111
254 1245 330 1279 425
346 1256 425 1290 sqq.
442 1242 503 1294 (cf.
519 1246 634 1280 Munr.
651 1243 736 1294 ed.),
752 1246 784 1281 V
798 1245 846 1279 55
862 1256 954 1292 sqq„
974 1246 1005 1280 V
1019 1247 1093 1279 419
1109 1256 1188 1290 sqq.
1207 1246 1272 1294 (z
1287 1247 1304 1280 1
1322 1248 1419 1280 1021
1436 1245 1553 1296 sqq.);

189 1308 248 1332 vv.
271 1297 288 1332 I
312 1297 436 1332 1—25
459 1298 704 1343 praetermitto
727 1298 771 1333 de
795 1297 953 1333 consilio.
973 1318 1016 1322 -—
1033 1297 1225 1333 Notionem
1247 1299 1342 1334 enim
1363 1298 1552 1346 „frugum“

189 1349 266 1384 sive
290 1348 473 1396 „fetuum“
503 1351 583 1394 quis
606 1350 797 1397 desideret,
829 1360 908 1384 cum
940 1350 984 1384 de
1019 1349 1238 1385 fecundis
1271 1351 1387 1394 glebis
1416 1351 1556 1386 dicatur

190 1397 327 1449 (210)?
368 1401 471 1436 Hanc
501 1401 616 1445 ipsam
646 1401 690 1436 ob
721 1411 797 1436 rem
818 1401 982 1436 lacunam
1005 1411 1076 1435 non
1097 1412 1253 1445 agnosco
1280 1423 1323 1426 —
1350 1413 1394 1437 ex
1416 1403 1555 1437 incerta

189 1452 367 1487 locutione
404 1451 681 1501 „quaesita“
714 1453 788 1487 213
826 1450 992 1500 „omnia“
1032 1453 1107 1486 214
1141 1453 1200 1488 vel
1232 1454 1374 1489 elucere
1410 1453 1554 1489 videtur

189 1507 323 1540 certam
358 1505 514 1550 aliquam
548 1516 673 1541 vocem
704 1516 775 1540 non
805 1505 1042 1541 antecessisse
1077 1517 1144 1552 -3
1182 1508 1361 1541 structura
1390 1517 1476 1541 vero
1510 1517 1552 1541 eo

188 1556 283 1601 quod
313 1557 490 1592 obiectum
520 1557 695 1592 omittitur
725 1568 796 1592 non
826 1556 971 1601 gravius
1004 1556 1156 1591 violatur
1187 1568 1292 1602 quam
1322 1558 1428 1602 paulo
1460 1557 1553 1592 infra

187 1608 219 1643 V
242 1607 338 1643 225:
361 1619 451 1653 puer
463 1608 557 1644 iacet
570 1608 739 1654 indigusa
755 1608 876 1654 uxilio,
906 1619 984 1643 cum
1005 1608 1155 1653 primum
1178 1609 1214 1643 in
1234 1609 1374 1644 luminis
1402 1620 1484 1644 oras
1508 1637 1516 1644 .
1542 1637 1567 1649 .,

186 1662 315 1695 natura
343 1659 503 1705 profudit
530 1671 580 1695 sc.
611 1671 710 1706 eum3
743 1660 774 1695 V
804 1660 900 1694 1251
927 1686 935 1694 .
962 1687 970 1694 .
994 1659 1099 1695 fovea
1127 1663 1235 1704 atque
1266 1661 1342 1705 igni
1371 1662 1471 1705 prius
1499 1664 1554 1696 est

186 1711 353 1746 venarier
381 1713 495 1746 ortum
523 1722 629 1755 quam
660 1711 801 1755 saepire
832 1711 950 1755 plagis
981 1712 1111 1745 saltum
1143 1711 1360 1756 canibusque
1384 1712 1479 1747 ciere
1502 1723 1551 1747 sc.

187 1762 294 1810 feras,
318 1773 410 1807 quae
422 1773 493 1798 vox
510 1774 545 1798 v.
564 1763 661 1797 1249
682 1762 879 1809 antecedit;
902 1763 934 1797 V
951 1762 1023 1797 156
1041 1762 1160 1797 dicere
1181 1790 1188 1798 .
1214 1790 1222 1797 .
1246 1763 1426 1798 hominum
1444 1774 1553 1800 causa

187 1815 342 1850 voluisse
368 1825 498 1859 parare
520 1815 743 1859 praeclaram
765 1814 888 1849 mundi
908 1817 1073 1849 naturam
1097 1841 1105 1849 .
1131 1841 1139 1849 .
1172 1826 1221 1850 sc.
1252 1813 1387 1861 ,‚deos“
1413 1817 1509 1859 quod
1532 1827 1551 1850 e

189 1864 384 1914 „deorum“
424 1866 497 1900 154
527 1865 768 1901 revocandum
798 1868 873 1913 est3
908 1865 959 1901 IV
992 1866 1089 1900 1139
1122 1867 1218 1910 quod
1246 1866 1391 1901 nimium
1418 1867 1552 1902 iactare

187 1921 289 1964 putat
315 1918 436 1955 oculos
463 1929 513 1954 sc.
546 1929 625 1954 eam
657 1929 748 1963 quae
773 1918 810 1953 in
833 1917 972 1953 deliciis
994 1920 1048 1954 est
1070 1920 1106 1953 et
1126 1918 1304 1954 interdum
1326 1918 1362 1953 in
1385 1919 1553 1965 ambiguo

186 1972 335 2007 verbum
364 1971 521 2006 iaculata
549 1970 720 2015 relinquit
750 1967 896 2019 (1137).
952 1969 1153 2006 Contuleris
1185 1971 1292 2006 etiam
1320 1971 1355 2005 Π
1380 1972 1454 2005 194
1475 1983 1551 2015 sq.:

239 2021 335 2067 quod
356 2032 470 2066 genus
494 2033 513 2057 e
535 2025 656 2057 nostro
680 2033 757 2057 com
779 2022 907 2057 missus
930 2032 1080 2066 corpore
1103 2022 1248 2066 sanguis

240 2074 368 2110 emicat
391 2075 554 2109 exultans
576 2075 649 2109 alte
671 2074 955 2118 spargitque
979 2084 1138 2108 cruorem
1161 2084 1210 2109 sc.
1235 2084 1374 2118 corpus.

188 2127 205 2161 1
228 2126 300 2161 351
325 2136 405 2170 sqq.
428 2128 592 2161 crescunt
613 2126 762 2161 arbusta
786 2128 822 2160 et
843 2124 936 2161 fetus
958 2125 995 2160 in
1015 2128 1176 2170 tempore
1198 2125 1361 2172 fundunt,

241 2177 337 2223 quod
360 2177 459 2213 cibus
481 2178 518 2212 in
539 2179 664 2213 totas
687 2173 753 2226 (sc.
776 2174 940 2226 arbores)
962 2188 1074 2222 usque
1097 2178 1143 2212 ab
1165 2177 1347 2213 radicibus
1370 2178 1449 2212 imis

238 2241 304 2275 per
324 2232 469 2265 truncos
490 2240 533 2265 ac
555 2240 621 2274 per
641 2240 758 2264 ramos
781 2229 988 2265 diffunditur
1010 2229 1135 2265 omnis.

187 2282 329 2318 Similes
363 2281 589 2316 soloecismos
625 2283 813 2326 congestos
848 2281 1008 2316 invenies
1041 2281 1078 2315 in
1113 2281 1241 2315 Philol.
1279 2281 1339 2327 26,
1378 2282 1465 2315 297.
1503 2301 1552 2305 -—

187 2333 311 2369 Altera
341 2333 508 2380 offensio,
547 2333 642 2378 quod
673 2333 844 2368 orationis
874 2332 1050 2368 vinculum
1082 2332 1202 2378 deest,
1238 2332 1320 2367 ideo
1352 2332 1465 2367 levior
1497 2335 1553 2368 est

189 2386 285 2430 quod
313 2385 369 2420 his
400 2384 563 2421 versibus
594 2385 763 2420 dilatatur
795 2385 1013 2420 antecedens
1045 2385 1241 2420 sententia:
1284 2385 1362 2431 „vis
1399 2383 1553 2419 humana

188 2438 348 2473 sentibus
368 2436 505 2472 resistit
528 2439 698 2472 consueta
719 2439 853 2471 terram
874 2437 1104 2481 proscindere
1126 2434 1297 2471 avatris“.
1333 2436 1412 2470 Nec
1433 2439 1553 2470 tamen

188 2489 300 2525 solam
330 2488 575 2524 dilatationem
606 2488 788 2524 continent
810 2487 874 2523 sed
903 2488 1006 2523 simul
1027 2488 1225 2523 orationem
1249 2487 1475 2523 continuant:
1507 2498 1552 2522 ne

187 2544 317 2576 natura
350 2552 438 2576 arva
473 2540 631 2576 sentibus
666 2540 837 2586 obducat,
883 2540 937 2575 vis
979 2540 1135 2575 humana
1174 2540 1378 2575 resistat
1413 2542 1554 2584 oportet

145 2588 147 2590 ’
187 2592 341 2639 arando,
371 2595 518 2628 arantes
549 2592 688 2628 cimus
718 2591 840 2637 fruges
868 2592 924 2627 ad
954 2595 1123 2638 ortum,
1160 2594 1196 2627 et
1225 2594 1345 2626 tamen
1375 2590 1552 2627 interdum

1264 2651 1303 2684 3.
