1809 3046
805 192 1012 229 -54-

220 298 446 340 perspectam
469 297 506 330 et
526 296 773 339 perturbatam
795 307 886 332 esse.
930 296 1075 331 Summa
1096 300 1216 334 autem
1236 295 1519 334 ratiocinationis
1541 298 1596 330 est

221 346 297 382 fere
329 346 437 382 haec:
492 346 670 392 Epicurus
706 348 913 384 observavit
946 349 1058 384 solem
1094 348 1268 385 orientem
1303 352 1342 386 et
1373 346 1595 385 occidentem

221 399 393 434 maiorem
414 398 532 434 videri
555 410 661 443 quam
683 400 883 435 meridiano
904 402 1086 444 tempore3
1119 401 1242 445 itaque
1269 412 1333 437 suo
1354 402 1432 436 iure
1453 399 1595 434 videtur

222 449 440 485 contendere
457 450 543 485 solis
563 452 720 496 μέγεθος
733 448 772 486 τὸ
798 448 888 486 κατὰ
909 447 948 485 τὸ
971 448 1046 485 κατ’
1068 446 1155 486 αὑτό
1175 453 1235 488 vel
1247 453 1364 489 minus
1386 462 1465 488 esse
1487 461 1594 496 quam

220 498 259 536 τό
287 497 377 537 κατὰ
413 498 453 537 τὸ
487 498 580 551 πρὸς
607 499 699 549 ἡμᾶς
725 514 775 540 sc.
807 503 892 549 quia
922 503 1042 540 oriens
1079 504 1133 540 sol
1169 505 1283 542 maior
1311 504 1454 542 videtur
1488 514 1595 549 quam

218 554 379 590 meridie.
434 555 541 591 Lucr.
574 558 702 591 contra
731 559 770 592 ut
799 556 888 591 illud
915 566 987 590 non
1008 556 1234 603 observavit,
1265 557 1317 592 ita
1338 567 1410 592 non
1432 556 1594 590 distinxit

219 604 382 641 diversos
404 606 559 643 ambitus
582 607 679 653 solis,
702 618 746 642 ac
767 609 887 642 tamen
909 607 1074 643 concedit
1095 617 1175 642 eum
1196 618 1303 652 posse
1317 607 1490 644 minorem
1514 617 1594 643 esse

219 668 327 702 quam
349 656 528 695 videatur.
583 658 676 704 Quid
699 659 812 695 vero?
858 658 1034 696 Distinxit
1052 659 1166 705 igitur
1187 656 1227 695 τὰ
1252 660 1409 705 μέγεθος
1434 655 1476 694 τὸ
1503 655 1593 706 πρὸς

220 707 315 753 ἡμᾶς
338 712 375 745 et
397 707 438 744 τὸ
460 712 536 746 κατ’
559 708 660 747 αὐτό.
713 712 897 748 Turbasse
926 714 1046 747 autem
1074 722 1150 747 rem
1171 723 1240 747 nec
1260 713 1464 747 Purmanno
1496 707 1591 758 (Jen.

219 761 290 796 Lit.
314 762 426 808 1879,
447 759 540 811 414)
559 762 714 810 videtur,
739 763 801 809 qui
821 766 942 799 tamen
963 774 1064 801 suam
1086 764 1301 801 sententiam
1323 774 1393 799 non
1416 762 1593 808 copiosius

219 814 401 861 explicuit,
426 825 492 850 nec
513 814 611 851 mihi.
644 816 726 851 Non
749 815 894 861 quidem
916 818 1028 853 verba
1047 816 1134 852 571.
1152 818 1174 851 2
1198 818 1335 864 „solem
1352 818 1491 852 tantum
1514 825 1593 852 esse

219 869 374 911 quantus
396 867 499 902 nobis
521 867 699 914 videatur,
731 870 770 903 ut
798 868 849 903 nil
880 868 960 912 plus
991 871 1053 904 aut
1074 868 1190 904 minus
1212 868 1348 904 addere
1370 866 1511 913 possis“
1541 867 1593 902 ita

219 918 356 962 accipio
384 920 424 953 ut
451 919 648 965 Woltjerus
675 919 820 955 videtur
846 919 1096 965 interpretari:
1134 920 1245 956 solem
1274 919 1483 955 tantundem
1512 929 1592 954 esse

218 973 373 1015 quantus
386 970 565 1017 videatur,
582 970 647 1007 sed
662 970 827 1007 concedit
841 971 946 1007 Lucr.
962 972 1073 1007 solem
1088 982 1167 1007 esse
1181 982 1287 1016 posse
1301 972 1408 1016 paulo
1422 971 1592 1006 maiorem

218 1024 279 1057 aut
305 1021 497 1069 minorem3
529 1025 649 1058 utrum
670 1025 791 1059 tamen
814 1033 938 1058 verum
960 1023 1007 1058 sit
1029 1022 1200 1070 ignorari,
1224 1033 1340 1068 neque
1362 1023 1473 1068 igitur
1494 1024 1592 1058 recte

218 1073 251 1108 ei
273 1073 411 1119 aliquid
433 1074 531 1121 addi,
555 1075 723 1119 quoniam
739 1075 912 1111 minorem
930 1086 1010 1110 eum
1030 1085 1109 1110 esse
1127 1085 1243 1120 aeque
1260 1075 1307 1111 sit
1323 1075 1510 1120 probabile
1529 1071 1591 1123 (cf.

219 1124 294 1160 Cic.
327 1125 372 1160 de
402 1125 462 1161 fin.
485 1127 502 1161 I
526 1127 561 1172 6,
586 1123 664 1175 20).
720 1126 807 1162 Cum
842 1126 898 1162 his
923 1128 1014 1163 bene
1050 1126 1265 1162 conveniunt
1299 1138 1359 1162 vv.
1383 1126 1471 1161 564.
1494 1126 1517 1161 5
1554 1128 1592 1161 et

220 1177 308 1213 594.
333 1178 368 1213 5.
425 1177 495 1222 Qui
526 1179 580 1214 sol
609 1178 724 1214 minor
754 1189 834 1215 esse
865 1179 979 1224 possit
1009 1178 1207 1215 illustratur
1237 1179 1400 1224 exemplo
1434 1178 1590 1214 flamma-

218 1241 296 1264 rum
323 1230 564 1277 terrestrium,
597 1241 690 1276 quae
724 1242 793 1276 quo
824 1231 966 1276 longius
984 1233 1046 1266 aut
1067 1231 1214 1276 propius
1236 1243 1258 1266 a
1279 1230 1522 1280 nobisrabsint
1548 1241 1591 1266 eo

218 1281 374 1317 minores
404 1284 467 1317 aut
496 1283 649 1318 maiores
681 1282 872 1318 videantur
901 1283 1023 1327 itaque
1055 1282 1100 1317 de
1129 1283 1387 1327 Epicureorum
1415 1283 1593 1325 sententia

217 1344 345 1369 revera
368 1336 450 1369 sunt
473 1331 682 1383 (585—89,
708 1335 796 1370 594.
820 1331 871 1383 5).
906 1335 1007 1370 Haec
1028 1334 1115 1369 mihi
1136 1335 1246 1379 plana
1265 1334 1444 1381 videntur,
1468 1345 1590 1379 quam-

218 1396 325 1430 quam
352 1385 439 1421 solis
461 1387 611 1422 orientis
639 1387 716 1422 sive
747 1386 942 1422 occidentis
976 1389 1013 1422 et
1043 1386 1218 1421 meridani
1252 1388 1351 1421 nulla
1379 1385 1420 1421 fit
1445 1387 1590 1428 mentio.

217 1457 264 1462 -—
289 1437 343 1472 Ac
365 1447 410 1472 ne
432 1438 609 1482 Epicurus
637 1437 781 1483 quidem
803 1438 866 1473 illa
888 1438 1137 1473 observatione
1167 1438 1218 1473 ita
1238 1448 1324 1473 usus
1346 1440 1413 1484 est,
1442 1440 1481 1472 ut
1507 1437 1591 1473 inde

216 1488 417 1525 declararet
438 1490 550 1526 solem
573 1487 716 1538 (eodem
736 1486 913 1539 tempore)
934 1489 1106 1526 minorem
1129 1500 1208 1526 esse
1228 1500 1334 1535 posse
1362 1500 1469 1535 quam
1490 1489 1590 1525 vide-

214 1544 325 1576 retur.
381 1541 454 1577 Sed
483 1542 514 1577 si
544 1543 689 1587 vesperi
720 1542 834 1578 maior
863 1542 897 1578 ei
927 1541 1119 1577 videbatur
1142 1553 1249 1587 quam
1269 1542 1433 1588 meridie,
1462 1552 1591 1577 revera

215 1592 291 1628 eius
313 1592 410 1628 filum
432 1594 546 1629 voluit
567 1594 708 1629 mutari.
763 1594 866 1629 Luna
888 1592 1033 1639 quidem
1068 1604 1087 1628 e
1109 1593 1269 1629 Lucretii
1291 1593 1470 1631 sententia
1492 1596 1590 1629 certo

212 1648 374 1690 tempore
410 1645 627 1691 gignitur
660 1649 696 1682 et
731 1645 912 1682 deletur
947 1656 997 1681 sc.
1034 1646 1118 1691 quia
1153 1646 1264 1681 multa
1299 1648 1398 1681 certo
1428 1648 1589 1690 tempore

213 1700 380 1733 creantur
401 1698 434 1734 V
457 1698 649 1734 731—50.
703 1698 759 1734 De
789 1698 858 1733 hac
887 1701 1006 1734 autem
1028 1708 1068 1733 re
1091 1698 1197 1733 Lucr.
1220 1709 1292 1733 non
1316 1697 1460 1733 videtur
1485 1698 1588 1733 dissi-

212 1749 299 1785 dere
321 1760 343 1784 a
364 1750 552 1795 magistro.
592 1751 690 1795 Ergo
713 1750 758 1786 de
780 1750 866 1786 solis
887 1749 1133 1795 magnitudine
1155 1750 1348 1794 Epicurum
1371 1750 1477 1785 aliter
1497 1749 1588 1785 iudi-

212 1812 314 1837 casse
338 1801 434 1848 quod
457 1801 626 1838 credatur
647 1802 739 1838 ratio
761 1813 833 1838 non
855 1804 985 1838 exstat.
1035 1798 1096 1851 (cf
1119 1801 1226 1847 Diog.
1249 1802 1371 1837 Laert.
1394 1801 1438 1837 Χ.
1468 1802 1515 1836 91
1548 1798 1587 1836 τὸ

280 1855 473 1899 .μέγεθος
508 1854 568 1890 τοῦ
603 1852 705 1898 ἡλίου
741 1866 778 1889 τε
813 1854 873 1889 καὶ
900 1853 972 1888 τῶν
999 1854 1133 1888 λοιπῶν
1160 1850 1304 1901 ἄστρων
1339 1866 1428 1888 xum
1456 1854 1522 1898 μὲν
1549 1851 1589 1888 τὸ

210 1903 304 1953 πρὸς
335 1902 431 1949 ἡμᾶς
457 1904 661 1950 τηλικοῦτόν
688 1905 781 1941 ἐστιν
804 1903 927 1949 ἡλίκον
953 1908 1130 1952 φαίνεται.
1185 1906 1286 1941 Haec
1320 1905 1434 1941 verba
1464 1905 1588 1951 Woltj.

210 1957 289 2003 ipse
312 1957 463 1993 adhibet
484 1968 546 2003 pg.
574 1954 676 2007 124).

314 2009 362 2045 Ut
382 2009 609 2057 Lucretium,
641 2009 672 2045 si
702 2020 773 2045 non
803 2008 941 2045 recedit
969 2020 991 2044 a
1012 2008 1177 2054 magistri
1198 2007 1388 2055 sententia,
1410 2019 1482 2044 non
1503 2009 1588 2044 licet

211 2061 333 2106 colligi
355 2060 450 2097 hunc
471 2061 563 2098 adeo
596 2061 774 2097 serviliter
804 2061 906 2105 sequi
936 2063 976 2096 ut
1007 2060 1116 2096 etiam
1138 2062 1334 2105 praecepta
1360 2061 1454 2095 male
1484 2060 1587 2096 intel-

209 2113 305 2148 lecta
327 2113 373 2148 ab
396 2123 439 2148 eo
461 2113 659 2159 receperit,
691 2113 744 2148 ita
771 2113 879 2148 certis
902 2112 1123 2158 argumentis
1145 2111 1263 2147 adhuc
1283 2122 1355 2146 non
1379 2112 1586 2156 comproba-

209 2167 286 2200 tum
322 2163 410 2200 mihi
445 2164 590 2201 videtur
624 2176 704 2200 eum
741 2167 887 2210 praeter
914 2164 1126 2209 magistrum
1156 2163 1236 2199 aliis
1263 2162 1486 2209 philosophis
1516 2174 1587 2199 non

209 2217 327 2261 ipsum
348 2227 495 2262 operam
518 2216 673 2253 dedisse.
729 2217 812 2253 Non
835 2215 987 2252 dixerim
1018 2216 1139 2252 aliena
1168 2215 1304 2261 placita
1324 2225 1404 2250 eum
1424 2215 1587 2252 intulisse

208 2269 245 2303 in
268 2269 484 2314 Epicuream
506 2269 718 2316 doctrinam,
741 2269 807 2304 sed
829 2279 953 2304 eorum
975 2278 1065 2314 quos
1094 2269 1268 2302 memorat
1294 2266 1588 2313 philosophorum

209 2323 245 2357 et
267 2320 431 2357 notitiam
450 2324 486 2358 et
506 2321 811 2368 impugnationem
832 2320 1005 2367 magistro
1036 2330 1117 2356 eum
1145 2319 1276 2355 debere
1307 2318 1587 2356 demonstratum

209 2384 289 2408 esse
312 2384 419 2418 nego.
473 2374 701 2419 Empedoclis
732 2372 877 2418 quidem
909 2372 1150 2417 cognitionem
1179 2374 1323 2416 poetam
1351 2371 1513 2407 hausisse
1542 2382 1587 2407 ex

208 2425 295 2461 solis
317 2425 465 2470 Epicuri
500 2425 643 2471 scriptis
677 2425 708 2461 is
739 2436 811 2461 non
847 2424 935 2460 satis
965 2425 1174 2460 constanter
1204 2422 1345 2459 videtur
1371 2423 1587 2459 contendere

208 2474 351 2525 (Woltj.
377 2477 450 2512 179
474 2474 563 2526 sq.)‚
588 2477 649 2522 qui
671 2476 882 2522 Empedocli
910 2476 1074 2521 quamvis
1110 2475 1425 2520 paucam-ationis
1454 2475 1587 2511 lumina

209 2528 334 2564 deberi
356 2539 428 2565 non
448 2529 477 2563 it
498 2529 630 2564 infitias
654 2527 796 2577 (Woltj.
823 2528 908 2563 182.
933 2526 984 2576 3).
1040 2527 1128 2562 Inde
1147 2537 1233 2562 vero
1258 2526 1355 2571 quod
1376 2527 1482 2562 Lucr.
1506 2537 1586 2562 eum

208 2591 280 2617 non
304 2590 349 2616 ex
370 2580 467 2617 illius
490 2580 675 2618 doctrinae
697 2579 929 2618 fundamento
951 2579 1138 2627 impugnat
1158 2578 1223 2616 sed
1244 2578 1488 2626 Empedoclea
1514 2580 1584 2617 ele-
