1809 3046
826 197 1025 233 -45-

296 305 336 338 ut
357 303 528 338 merito
551 304 649 338 celer
669 302 726 338 his
747 302 854 349 rebus
878 302 1065 338 dicatur
1085 303 1216 348 imago.

245 354 317 391 Sed
340 354 372 390 si
395 366 465 401 vv.‚
495 364 583 400 quos
605 356 812 401 tractamus,
844 365 915 390 non
945 355 992 391 ab
1020 356 1277 400 interpolatore
1299 365 1319 390 e
1341 365 1400 389 vv.
1424 353 1455 390 V
1478 353 1566 390 821.
1591 353 1613 389 2

244 407 376 451 sumpti
407 409 506 453 sunt,
542 407 613 442 iam
648 417 718 442 non
760 406 882 443 licebit
921 418 1056 452 negare
1092 407 1205 452 primo
1239 408 1318 443 loco
1354 417 1415 443 eos
1450 407 1614 452 primitus

244 458 396 502 scriptos
421 468 513 492 esse.

349 509 366 544 I
392 508 570 543 146—48
589 523 640 540 z
661 509 697 544 H
718 508 870 543 59—61
895 523 945 540 z
967 509 1021 544 III
1043 509 1195 544 91—93
1219 523 1268 539 z
1291 508 1341 544 VI
1363 509 1514 543 39-41

296 561 400 596 Hunc
422 560 534 606 igitur
553 563 728 600 terrorem
749 561 858 596 animi
878 562 1119 606 tenebrasque
1142 564 1324 596 necessest

295 623 366 648 non
390 612 484 647 radii
506 613 591 648 solis
611 622 728 658 neque
748 611 868 647 lucida
888 613 963 648 tela
984 613 1055 648 diei

297 664 489 701 discutiant
511 666 576 701 sed
596 667 748 701 naturae
770 665 910 710 species
930 665 1094 711 ratioque

348 714 434 765 (Gn.
458 718 506 752 69
529 728 622 764 sqq„
644 717 712 753 To.
736 716 823 764 552,
845 718 906 753 Br.
932 715 1034 767 202).

243 779 319 815 Hos
348 790 406 814 vv.
440 778 510 814 Gn.
541 779 578 813 in
609 779 632 814 1.
655 779 673 813 I
703 790 726 814 a
754 779 922 814 Lucretio
953 779 1135 815 abiudicat
1157 779 1379 824 eandemque
1402 779 1615 813 sententiam

244 831 422 877 Sauppius
453 830 595 866 videtur
622 831 825 878 amplexus,
856 831 929 867 ind.
960 833 1041 868 lect.
1074 832 1171 868 Gott.
1208 832 1307 866 1880
1338 842 1399 877 pg.
1430 831 1489 866 13.
1544 831 1615 866 Pro

244 883 361 918 causis
384 882 488 917 affert
508 883 569 918 ille
591 883 754 930 primum,
778 882 874 927 quod
895 885 1007 919 verba
1029 883 1148 930 „hunc
1170 887 1344 918 terrorem
1373 894 1461 917 non
1488 882 1613 917 radii

243 934 363 970 solis
384 944 531 979 neque
563 934 722 970 lucida
750 935 851 970 tela
881 934 975 970 diei
1005 935 1196 970 discutiant
1218 933 1424 970 necessest“
1451 945 1523 969 non
1549 932 1612 969 ha-

242 988 355 1023 beant
378 998 447 1031 quo
470 989 645 1033 spectent,
669 986 737 1021 nisi
759 987 980 1031 praecedant
1000 987 1123 1033 verba⁷
1147 998 1240 1031 quae
1262 986 1392 1022 ceteris
1405 986 1494 1021 locis
1508 997 1612 1031 prae-

246 1037 378 1074 cedunt
402 1037 537 1086 „veluti
550 1038 652 1083 pueri
673 1037 895 1084 intenebris,
918 1038 970 1072 sic
991 1049 1056 1074 nos
1078 1038 1122 1072 in
1143 1038 1248 1073 luce
1269 1037 1471 1073 timemus“.
1493 1038 1614 1083 Negat

245 1090 341 1126 enim
363 1101 407 1126 ea
428 1089 556 1126 referri
576 1089 687 1126 licere
708 1088 756 1125 ad
776 1100 835 1125 vv.
866 1090 951 1125 132.
976 1090 1024 1125 33
1050 1110 1094 1115 -
1125 1090 1163 1125 id
1186 1090 1282 1134 quod
1302 1090 1363 1125 Br.
1387 1092 1422 1125 et
1445 1089 1611 1125 Stueren-

242 1143 391 1187 burgius
412 1143 601 1178 voluerunt
634 1162 678 1167 —
709 1141 877 1187 quoniam
908 1144 1025 1177 terror
1055 1144 1283 1187 aegrotorum
1306 1144 1342 1177 et
1364 1142 1613 1177 somniantium

242 1205 288 1230 nc
310 1196 459 1229 naturae
482 1193 627 1238 quidem
648 1193 769 1238 specie
796 1194 883 1238 pelli
912 1194 1038 1238 possit,
1092 1194 1140 1228 At
1174 1196 1379 1238 reputemus
1407 1193 1613 1228 Lucretium

242 1246 312 1282 sibi
335 1246 564 1291 proposuisse
599 1248 638 1281 ut
658 1248 806 1290 pectora
826 1245 997 1282 liberaret
1018 1257 1040 1281 a
1062 1245 1314 1290 superstitione
1335 1245 1488 1289 aliisque
1510 1245 1613 1280 vanis

244 1298 355 1333 curis:
404 1298 476 1331 iam
507 1297 654 1341 exponit
682 1297 719 1331 in
752 1296 867 1332 fronte
896 1298 998 1341 quasi
1025 1297 1134 1332 totius
1166 1297 1333 1332 carminis
1363 1296 1544 1343 homines,
1576 1297 1612 1331 in

244 1349 377 1385 somnis
401 1351 437 1384 et
457 1348 662 1396 vigilantes,
689 1358 795 1384 sanos
818 1351 854 1384 et
876 1351 1056 1396 aegrotos,
1084 1348 1270 1384 sollicitari
1296 1348 1449 1383 maxime
1469 1348 1612 1384 simula-

245 1401 314 1436 cris
335 1404 564 1447 mortuorum,
588 1411 677 1445 quos
698 1400 822 1436 vivere
845 1400 1005 1436 credant.
1049 1400 1145 1444 Quid
1166 1411 1300 1445 quaeso
1322 1399 1430 1447 haec,
1462 1400 1493 1435 si
1518 1400 1612 1436 hunc

244 1455 418 1488 terrorem
439 1452 575 1497 pellere
596 1463 667 1487 non
688 1452 857 1496 potest?
890 1451 995 1487 Certe
1017 1451 1086 1486 hoc
1108 1462 1146 1486 se
1167 1462 1274 1496 posse
1296 1454 1359 1486 aut
1381 1451 1535 1486 confisus
1557 1456 1612 1487 est

243 1507 305 1540 aut
331 1504 513 1551 promisit,
545 1504 615 1540 nisi
645 1503 723 1548 ipse
754 1503 940 1539 consilium
968 1503 1137 1539 carminis
1168 1503 1306 1539 irritum
1337 1502 1456 1539 facere
1487 1504 1611 1539 voluit.

243 1557 324 1591 Non
357 1556 500 1600 quidem
531 1555 690 1600 aegrotis
719 1555 808 1600 ipsis
838 1558 873 1590 et
902 1555 1160 1590 somniantibus
1189 1559 1306 1590 terror
1335 1555 1445 1589 adimi
1480 1558 1611 1602 potest⁷

242 1610 279 1642 at
322 1608 397 1643 eius
439 1606 564 1654 timor,
584 1635 587 1637 .
616 1606 678 1651 qui
719 1607 857 1641 somnia
901 1606 1047 1642 deorum
1093 1607 1254 1642 occultae
1306 1606 1437 1641 mentis
1478 1604 1612 1641 indicia

242 1661 367 1707 putat,
400 1659 613 1706 dispellitur,
646 1670 724 1694 cum
749 1658 924 1694 rationem
947 1670 1068 1694 eorum
1089 1659 1306 1706 perspiciat3
1328 1669 1445 1703 neque
1468 1659 1611 1694 omnino

242 1712 285 1758 is,
316 1712 378 1756 qui
407 1722 615 1756 persuasum
643 1711 752 1746 habet
772 1722 866 1746 vana
895 1722 973 1747 esse
1004 1712 1066 1746 illa
1098 1712 1300 1758 simulacra⁷
1331 1712 1368 1745 in
1399 1711 1531 1746 somnis
1559 1711 1611 1746 eis

242 1763 329 1809 angi
351 1764 454 1798 solet.
503 1763 596 1798 Nam

296 1824 479 1873 „quibus‘
470 1836 507 1859 m
527 1825 635 1860 rebus
656 1824 805 1859 multum
826 1835 946 1859 sumus
968 1827 1051 1860 ante
1072 1824 1200 1860 morati

293 1877 329 1911 in
352 1876 483 1912 somnis
505 1876 631 1911 eadem
651 1877 860 1920 plerumque
881 1877 1043 1911 videmur
1065 1875 1191 1912 011116ιζ
1226 1877 1274 1911 IV
1299 1877 1386 1911 963.
1411 1877 1472 1912 65.

243 1939 378 1974 Vereor
419 1941 539 1973 tamen
582 1940 622 1972 ut
665 1937 718 1972 ita
760 1937 973 1973 sententiam
1013 1937 1119 1973 huius
1161 1938 1231 1973 loci
1274 1941 1372 1973 recte
1407 1938 1609 1986 reddamus,

240 1990 430 2036 potiusque
476 1989 688 2026 crediderim
730 1988 849 2036 „hunc
891 1992 1067 2025 terrorem
1110 1988 1242 2025 animi“
1292 1990 1364 2024 146
1407 1991 1610 2035 significare

244 2045 518 2089 „terrorem‚
554 2040 599 2077 de
634 2052 703 2085 quo
738 2045 822 2076 ante
867 2041 986 2088 dixi“‚
1023 2053 1093 2077 non
1129 2045 1335 2088 „certum
1376 2042 1493 2089 illum,
1539 2055 1608 2088 quo

241 2094 302 2140 qui
331 2094 454 2130 morbo
485 2093 618 2129 adfecti
648 2103 842 2138 somnoque
876 2093 1006 2139 sepulti
1042 2096 1123 2129 sunt
1154 2091 1373 2141 vexantur“,
1408 2095 1520 2131 verba
1548 2107 1609 2131 au-

241 2150 314 2182 tem
346 2158 442 2195 „non
479 2146 572 2183 radii
607 2144 693 2182 solis
723 2156 790 2181 nec
822 2146 941 2181 lucida
969 2147 1042 2181 tela
1076 2144 1171 2181 (1161ιι
1210 2146 1344 2191 scripta
1375 2158 1454 2183 esse
1489 2159 1610 2184 eorum

240 2209 370 2287 crau&
378 2209 470 2285 {gae
499 2198 716 2234 antecedunt
748 2201 944 2245 „terrorem
980 2209 1031 2233 an
1041 2198 1053 2233 i
1063 2199 1117 2233 mi
1150 2202 1166 2234 t
1177 2210 1197 2234 e
1207 2210 1231 2233 n
1242 2210 1261 2234 e
1271 2200 1294 2235 b
1305 2210 1323 2233 r
1333 2210 1355 2234 a
1363 2210 1380 2234 s
1390 2210 1413 2244 q
1422 2211 1446 2235 u
1457 2211 1476 2236 e
1487 2200 1526 2221 “·
1518 2228 1526 2247 ‚
1563 2201 1608 2237 cf.

291 2313 383 2349 haec
405 2339 415 2348 .
440 2339 448 2348 .
472 2339 481 2348 .
505 2313 566 2357 qui
589 2315 717 2348 cuncta
739 2312 986 2358 subegerit
1007 2323 1051 2348 ex
1073 2313 1262 2358 animoque

293 2365 534 2410 expulerit
556 2364 674 2412 dictis,
696 2375 784 2400 non
806 2365 951 2400 armis
981 2392 989 2400 .
1017 2392 1025 2400 .
1051 2392 1059 2400 .

240 2428 403 2464 Alterum
431 2426 590 2462 Gneissii
624 2430 890 2474 argumentum,
928 2428 1024 2472 quod
1060 2426 1209 2474 „cuius“
1248 2428 1319 2461 149
1360 2428 1532 2473 respiciat
1562 2430 1609 2465 ad

240 2490 364 2515 vocem
396 2478 602 2527 „carmine“
635 2479 720 2526 143,
754 2482 852 2514 recte
882 2479 953 2514 iam
982 2479 1048 2514 To.
1085 2478 1277 2525 refutavit,
1306 2490 1385 2514 cum
1413 2491 1608 2524 pronomen

244 2531 333 2567 illud
354 2530 507 2567 referret
527 2531 575 2566 ad
599 2533 772 2579 „naturae
794 2530 934 2575 species
954 2529 1163 2578 ratioque“;
1195 2531 1259 2566 sed
1280 2529 1432 2568 fortasse
1454 2543 1499 2568 ne
1521 2532 1610 2569 haec

241 2584 384 2629 quidem
407 2584 521 2620 verba
542 2583 734 2619 audiuntur
753 2593 869 2628 neque
892 2582 990 2619 aliud
1017 2582 1210 2628 quidquam
1232 2595 1267 2619 v.
1293 2584 1365 2619 149
1391 2584 1521 2621 dicitur
1541 2586 1609 2621 nisi
