<?xml version="1.0" encoding="UTF-8"?>
<!DOCTYPE html PUBLIC "-//W3C//DTD XHTML 1.0 Transitional//EN"
    "http://www.w3.org/TR/xhtml1/DTD/xhtml1-transitional.dtd">
<html xmlns="http://www.w3.org/1999/xhtml" xml:lang="en" lang="en">
 <head>
  <title>
</title>
<meta http-equiv="Content-Type" content="text/html;charset=utf-8" />
  <meta name='ocr-system' content='tesseract 3.04.00' />
  <meta name='ocr-capabilities' content='ocr_page ocr_carea ocr_par ocr_line ocrx_word'/>
</head>
<body>
  <div class='ocr_page' id='page_1' title='image "./4738080_0032.png"; bbox 0 0 1809 3046; ppageno 0'>
   <div class='ocr_carea' id='block_1_1' title="bbox 763 201 967 237">
    <p class='ocr_par' dir='ltr' id='par_1_1' title="bbox 763 201 967 237">
     <span class='ocr_line' id='line_1_1' title="bbox 763 201 967 237; baseline 0 -9"><span class='ocrx_word' id='word_1_1' title='bbox 763 201 967 237; x_wconf 82' lang='lat'>—25—</span> 
     </span>
    </p>
   </div>
   <div class='ocr_carea' id='block_1_2' title="bbox 182 303 1550 1117">
    <p class='ocr_par' dir='ltr' id='par_1_2' title="bbox 182 303 1550 1117">
     <span class='ocr_line' id='line_1_2' title="bbox 187 303 1550 351; baseline -0.001 -10"><span class='ocrx_word' id='word_1_2' title='bbox 187 307 291 342; x_wconf 88' lang='lat' dir='ltr'><strong>docet</strong></span> <span class='ocrx_word' id='word_1_3' title='bbox 313 307 449 351; x_wconf 85' lang='lat' dir='ltr'><strong>quanta</strong></span> <span class='ocrx_word' id='word_1_4' title='bbox 471 304 641 341; x_wconf 78' lang='lat' dir='ltr'><strong>distantia</strong></span> <span class='ocrx_word' id='word_1_5' title='bbox 663 305 916 341; x_wconf 82' lang='lat' dir='ltr'><strong>elementorum</strong></span> <span class='ocrx_word' id='word_1_6' title='bbox 936 304 1091 351; x_wconf 87' lang='lat' dir='ltr'><strong>intersit,</strong></span> <span class='ocrx_word' id='word_1_7' title='bbox 1124 305 1249 341; x_wconf 91' lang='lat' dir='ltr'><strong>eodem</strong></span> <span class='ocrx_word' id='word_1_8' title='bbox 1270 305 1347 340; x_wconf 86' lang='lat' dir='ltr'><strong>iure</strong></span> <span class='ocrx_word' id='word_1_9' title='bbox 1368 304 1404 340; x_wconf 89' lang='lat' dir='ltr'><strong>h.</strong></span> <span class='ocrx_word' id='word_1_10' title='bbox 1428 305 1451 340; x_wconf 88' lang='lat'><strong>1.</strong></span> <span class='ocrx_word' id='word_1_11' title='bbox 1474 303 1550 340; x_wconf 86' lang='lat' dir='ltr'><strong>fere</strong></span> 
     </span>
     <span class='ocr_line' id='line_1_3' title="bbox 189 356 1549 402; baseline -0.001 -9"><span class='ocrx_word' id='word_1_12' title='bbox 189 357 315 394; x_wconf 84' lang='lat' dir='ltr'><strong>eadem</strong></span> <span class='ocrx_word' id='word_1_13' title='bbox 336 356 532 402; x_wconf 87' lang='lat' dir='ltr'><strong>primordia</strong></span> <span class='ocrx_word' id='word_1_14' title='bbox 554 358 691 393; x_wconf 91' lang='lat' dir='ltr'><strong>colores</strong></span> <span class='ocrx_word' id='word_1_15' title='bbox 712 356 845 393; x_wconf 84' lang='lat' dir='ltr'><strong>formas</strong></span> <span class='ocrx_word' id='word_1_16' title='bbox 867 367 993 393; x_wconf 85' lang='lat' dir='ltr'><strong>sensus</strong></span> <span class='ocrx_word' id='word_1_17' title='bbox 1015 366 1139 392; x_wconf 88' lang='lat' dir='ltr'><strong>creare</strong></span> <span class='ocrx_word' id='word_1_18' title='bbox 1156 357 1208 393; x_wconf 86' lang='lat' dir='ltr'><strong>ita</strong></span> <span class='ocrx_word' id='word_1_19' title='bbox 1229 357 1345 402; x_wconf 89' lang='lat' dir='ltr'><strong>potuit</strong></span> <span class='ocrx_word' id='word_1_20' title='bbox 1367 356 1549 402; x_wconf 85' lang='lat' dir='ltr'><strong>explicare</strong></span> 
     </span>
     <span class='ocr_line' id='line_1_4' title="bbox 185 408 1549 454; baseline -0.001 -9"><span class='ocrx_word' id='word_1_21' title='bbox 185 412 224 445; x_wconf 89' lang='lat' dir='ltr'><strong>ut</strong></span> <span class='ocrx_word' id='word_1_22' title='bbox 246 409 380 445; x_wconf 84' lang='lat' dir='ltr'><strong>diceret</strong></span> <span class='ocrx_word' id='word_1_23' title='bbox 401 409 478 444; x_wconf 89' lang='lat' dir='ltr'><strong>fere</strong></span> <span class='ocrx_word' id='word_1_24' title='bbox 501 409 645 444; x_wconf 90' lang='lat' dir='ltr'><strong>easdem</strong></span> <span class='ocrx_word' id='word_1_25' title='bbox 666 409 789 444; x_wconf 83' lang='lat' dir='ltr'><strong>literas</strong></span> <span class='ocrx_word' id='word_1_26' title='bbox 812 409 1027 445; x_wconf 87' lang='lat' dir='ltr'><strong>constituere</strong></span> <span class='ocrx_word' id='word_1_27' title='bbox 1049 408 1192 444; x_wconf 87' lang='lat' dir='ltr'><strong>diversa</strong></span> <span class='ocrx_word' id='word_1_28' title='bbox 1212 410 1325 445; x_wconf 87' lang='lat' dir='ltr'><strong>verba</strong></span> <span class='ocrx_word' id='word_1_29' title='bbox 1341 409 1455 454; x_wconf 85' lang='lat' dir='ltr'><strong>(velut</strong></span> <span class='ocrx_word' id='word_1_30' title='bbox 1469 419 1549 444; x_wconf 85' lang='lat' dir='ltr'><strong>cae—</strong></span> 
     </span>
     <span class='ocr_line' id='line_1_5' title="bbox 184 458 1549 509; baseline -0.001 -13"><span class='ocrx_word' id='word_1_31' title='bbox 184 462 257 496; x_wconf 90' lang='lat' dir='ltr'><strong>lum</strong></span> <span class='ocrx_word' id='word_1_32' title='bbox 270 471 368 496; x_wconf 85' lang='lat' dir='ltr'><strong>mare</strong></span> <span class='ocrx_word' id='word_1_33' title='bbox 392 487 400 496; x_wconf 93' lang='lat'><strong>.</strong></span> <span class='ocrx_word' id='word_1_34' title='bbox 425 487 433 496; x_wconf 90' lang='lat'><strong>.</strong></span> <span class='ocrx_word' id='word_1_35' title='bbox 458 465 477 496; x_wconf 85' lang='lat'><strong>.&#39;</strong></span> <span class='ocrx_word' id='word_1_36' title='bbox 490 460 613 505; x_wconf 83' lang='lat' dir='ltr'><strong>fruges</strong></span> <span class='ocrx_word' id='word_1_37' title='bbox 635 460 783 496; x_wconf 87' lang='lat' dir='ltr'><strong>arbusta</strong></span> <span class='ocrx_word' id='word_1_38' title='bbox 804 488 813 497; x_wconf 94' lang='lat'><strong><em>.</em></strong></span> <span class='ocrx_word' id='word_1_39' title='bbox 837 488 846 496; x_wconf 90' lang='lat'><strong>.</strong></span> <span class='ocrx_word' id='word_1_40' title='bbox 871 458 908 509; x_wconf 84' lang='lat'><strong>.)‚</strong></span> <span class='ocrx_word' id='word_1_41' title='bbox 933 471 1146 506; x_wconf 89' lang='lat' dir='ltr'><strong>quamquam</strong></span> <span class='ocrx_word' id='word_1_42' title='bbox 1168 471 1239 495; x_wconf 88' lang='lat' dir='ltr'><strong>non</strong></span> <span class='ocrx_word' id='word_1_43' title='bbox 1258 471 1379 496; x_wconf 90' lang='lat' dir='ltr'><strong>omnes</strong></span> <span class='ocrx_word' id='word_1_44' title='bbox 1401 461 1549 496; x_wconf 88' lang='lat' dir='ltr'><strong>eaedem</strong></span> 
     </span>
     <span class='ocr_line' id='line_1_6' title="bbox 185 511 1549 559; baseline 0 -12"><span class='ocrx_word' id='word_1_45' title='bbox 185 514 278 559; x_wconf 86' lang='lat' dir='ltr'><strong>sunt,</strong></span> <span class='ocrx_word' id='word_1_46' title='bbox 300 511 406 547; x_wconf 90' lang='lat' dir='ltr'><strong>immo</strong></span> <span class='ocrx_word' id='word_1_47' title='bbox 428 523 474 547; x_wconf 89' lang='lat' dir='ltr'><strong>ne</strong></span> <span class='ocrx_word' id='word_1_48' title='bbox 496 512 651 547; x_wconf 85' lang='lat' dir='ltr'><strong>maxima</strong></span> <span class='ocrx_word' id='word_1_49' title='bbox 673 512 816 557; x_wconf 88' lang='lat' dir='ltr'><strong>quidem</strong></span> <span class='ocrx_word' id='word_1_50' title='bbox 836 523 932 559; x_wconf 82' lang='lat' dir='ltr'><strong>pars,</strong></span> <span class='ocrx_word' id='word_1_51' title='bbox 957 512 1022 548; x_wconf 87' lang='lat' dir='ltr'><strong>sed</strong></span> <span class='ocrx_word' id='word_1_52' title='bbox 1044 511 1127 557; x_wconf 89' lang='lat' dir='ltr'><strong>quia</strong></span> <span class='ocrx_word' id='word_1_53' title='bbox 1148 522 1218 546; x_wconf 93' lang='lat' dir='ltr'><strong>non</strong></span> <span class='ocrx_word' id='word_1_54' title='bbox 1240 522 1362 547; x_wconf 92' lang='lat' dir='ltr'><strong>omnes</strong></span> <span class='ocrx_word' id='word_1_55' title='bbox 1384 512 1549 547; x_wconf 87' lang='lat' dir='ltr'><strong>diversae</strong></span> 
     </span>
     <span class='ocr_line' id='line_1_7' title="bbox 185 562 1548 609; baseline -0.001 -10"><span class='ocrx_word' id='word_1_56' title='bbox 185 566 267 599; x_wconf 86' lang='lat' dir='ltr'><strong>sunt</strong></span> <span class='ocrx_word' id='word_1_57' title='bbox 289 563 365 599; x_wconf 89' lang='lat' dir='ltr'><strong>sive</strong></span> <span class='ocrx_word' id='word_1_58' title='bbox 386 564 517 600; x_wconf 87' lang='lat' dir='ltr'><strong>multae</strong></span> <span class='ocrx_word' id='word_1_59' title='bbox 539 564 682 609; x_wconf 88' lang='lat' dir='ltr'><strong>quidem</strong></span> <span class='ocrx_word' id='word_1_60' title='bbox 704 565 823 600; x_wconf 88' lang='lat' dir='ltr'><strong>multis</strong></span> <span class='ocrx_word' id='word_1_61' title='bbox 844 565 964 600; x_wconf 88' lang='lat' dir='ltr'><strong>verbis</strong></span> <span class='ocrx_word' id='word_1_62' title='bbox 984 573 1197 600; x_wconf 82' lang='lat' dir='ltr'><strong>communes.</strong></span> <span class='ocrx_word' id='word_1_63' title='bbox 1230 584 1280 588; x_wconf 91' lang='lat'><strong>—-</strong></span> <span class='ocrx_word' id='word_1_64' title='bbox 1309 564 1441 599; x_wconf 87' lang='lat' dir='ltr'><strong>Levius</strong></span> <span class='ocrx_word' id='word_1_65' title='bbox 1463 562 1548 598; x_wconf 91' lang='lat' dir='ltr'><strong>mihi</strong></span> 
     </span>
     <span class='ocr_line' id='line_1_8' title="bbox 184 614 1550 662; baseline -0.001 -11"><span class='ocrx_word' id='word_1_66' title='bbox 184 615 327 651; x_wconf 90' lang='lat' dir='ltr'><strong>videtur</strong></span> <span class='ocrx_word' id='word_1_67' title='bbox 353 616 448 660; x_wconf 86' lang='lat' dir='ltr'><strong>quod</strong></span> <span class='ocrx_word' id='word_1_68' title='bbox 477 627 512 651; x_wconf 86' lang='lat' dir='ltr'><strong>v.</strong></span> <span class='ocrx_word' id='word_1_69' title='bbox 540 616 637 650; x_wconf 89' lang='grc'>1018</span> <span class='ocrx_word' id='word_1_70' title='bbox 670 615 779 662; x_wconf 86' lang='lat' dir='ltr'><strong>„res“</strong></span> <span class='ocrx_word' id='word_1_71' title='bbox 810 617 906 652; x_wconf 88' lang='lat' dir='ltr'><strong>valet</strong></span> <span class='ocrx_word' id='word_1_72' title='bbox 931 616 955 652; x_wconf 91' lang='lat' dir='ltr'><strong>i.</strong></span> <span class='ocrx_word' id='word_1_73' title='bbox 979 627 1013 661; x_wconf 92' lang='lat' dir='ltr'><strong>q.</strong></span> <span class='ocrx_word' id='word_1_74' title='bbox 1043 614 1210 662; x_wconf 86' lang='lat' dir='ltr'><strong>„voees“.</strong></span> <span class='ocrx_word' id='word_1_75' title='bbox 1266 616 1359 650; x_wconf 88' lang='lat' dir='ltr'><strong>Nam</strong></span> <span class='ocrx_word' id='word_1_76' title='bbox 1381 616 1412 651; x_wconf 91' lang='lat' dir='ltr'><strong>si</strong></span> <span class='ocrx_word' id='word_1_77' title='bbox 1433 616 1451 650; x_wconf 94' lang='grc' dir='ltr'>Ι</span> <span class='ocrx_word' id='word_1_78' title='bbox 1472 616 1550 650; x_wconf 85' lang='grc'><strong>420</strong></span> 
     </span>
     <span class='ocr_line' id='line_1_9' title="bbox 185 664 1547 716; baseline -0.001 -13"><span class='ocrx_word' id='word_1_79' title='bbox 185 670 221 703; x_wconf 90' lang='lat' dir='ltr'><strong>et</strong></span> <span class='ocrx_word' id='word_1_80' title='bbox 256 668 343 703; x_wconf 88' lang='lat'>449.</span> <span class='ocrx_word' id='word_1_81' title='bbox 381 667 431 702; x_wconf 88' lang='lat'><strong>50</strong></span> <span class='ocrx_word' id='word_1_82' title='bbox 465 665 619 716; x_wconf 86' lang='lat' dir='ltr'><strong>(duabus</strong></span> <span class='ocrx_word' id='word_1_83' title='bbox 654 668 792 704; x_wconf 92' lang='lat' dir='ltr'><strong>rebus</strong></span> <span class='ocrx_word' id='word_1_84' title='bbox 826 668 850 703; x_wconf 92' lang='lat' dir='ltr'><strong>i.</strong></span> <span class='ocrx_word' id='word_1_85' title='bbox 889 679 920 704; x_wconf 84' lang='lat' dir='ltr'><strong>e.</strong></span> <span class='ocrx_word' id='word_1_86' title='bbox 957 668 1096 712; x_wconf 84' lang='lat' dir='ltr'>corpori</span> <span class='ocrx_word' id='word_1_87' title='bbox 1133 670 1169 702; x_wconf 90' lang='lat' dir='ltr'><strong>et</strong></span> <span class='ocrx_word' id='word_1_88' title='bbox 1204 664 1350 716; x_wconf 84' lang='lat' dir='ltr'><strong>inani)</strong></span> <span class='ocrx_word' id='word_1_89' title='bbox 1391 665 1547 713; x_wconf 83' lang='lat' dir='ltr'><strong>„inane“</strong></span> 
     </span>
     <span class='ocr_line' id='line_1_10' title="bbox 182 718 1550 765; baseline -0.001 -11"><span class='ocrx_word' id='word_1_90' title='bbox 182 721 281 754; x_wconf 87' lang='lat' dir='ltr'><strong>recte</strong></span> <span class='ocrx_word' id='word_1_91' title='bbox 320 718 429 765; x_wconf 86' lang='lat' dir='ltr'><strong>„res“</strong></span> <span class='ocrx_word' id='word_1_92' title='bbox 460 719 678 765; x_wconf 89' lang='lat' dir='ltr'><strong>nominatur,</strong></span> <span class='ocrx_word' id='word_1_93' title='bbox 719 719 755 754; x_wconf 86' lang='lat' dir='ltr'><strong>h.</strong></span> <span class='ocrx_word' id='word_1_94' title='bbox 786 720 809 754; x_wconf 91' lang='lat' dir='ltr'><strong>l.</strong></span> <span class='ocrx_word' id='word_1_95' title='bbox 846 730 916 754; x_wconf 93' lang='lat' dir='ltr'><strong>non</strong></span> <span class='ocrx_word' id='word_1_96' title='bbox 947 720 1186 765; x_wconf 86' lang='lat' dir='ltr'><strong>offendemus,</strong></span> <span class='ocrx_word' id='word_1_97' title='bbox 1227 719 1440 763; x_wconf 86' lang='lat' dir='ltr'><strong>praesertim</strong></span> <span class='ocrx_word' id='word_1_98' title='bbox 1471 729 1550 753; x_wconf 90' lang='lat' dir='ltr'><strong>cum</strong></span> 
     </span>
     <span class='ocr_line' id='line_1_11' title="bbox 184 770 1549 817; baseline -0.001 -12"><span class='ocrx_word' id='word_1_99' title='bbox 184 770 316 805; x_wconf 89' lang='lat' dir='ltr'><strong>nemini</strong></span> <span class='ocrx_word' id='word_1_100' title='bbox 338 771 526 805; x_wconf 87' lang='lat' dir='ltr'><strong>obscurum</strong></span> <span class='ocrx_word' id='word_1_101' title='bbox 554 771 601 806; x_wconf 91' lang='lat' dir='ltr'><strong>sit</strong></span> <span class='ocrx_word' id='word_1_102' title='bbox 622 771 708 815; x_wconf 88' lang='lat' dir='ltr'><strong>quid</strong></span> <span class='ocrx_word' id='word_1_103' title='bbox 735 770 965 815; x_wconf 86' lang='lat' dir='ltr'><strong>significetur.</strong></span> <span class='ocrx_word' id='word_1_104' title='bbox 994 792 1044 796; x_wconf 97' lang='lat'><strong>—</strong></span> <span class='ocrx_word' id='word_1_105' title='bbox 1067 770 1167 815; x_wconf 76' lang='lat' dir='ltr'><strong>Quae</strong></span> <span class='ocrx_word' id='word_1_106' title='bbox 1191 781 1270 805; x_wconf 92' lang='lat' dir='ltr'><strong>cum</strong></span> <span class='ocrx_word' id='word_1_107' title='bbox 1292 770 1344 805; x_wconf 89' lang='lat' dir='ltr'><strong>ita</strong></span> <span class='ocrx_word' id='word_1_108' title='bbox 1365 770 1449 817; x_wconf 82' lang='lat' dir='ltr'><strong>sint,</strong></span> <span class='ocrx_word' id='word_1_109' title='bbox 1478 776 1549 804; x_wconf 84' lang='lat' dir='ltr'><strong>non</strong></span> 
     </span>
     <span class='ocr_line' id='line_1_12' title="bbox 182 822 1549 868; baseline 0 -11"><span class='ocrx_word' id='word_1_110' title='bbox 182 825 303 857; x_wconf 89' lang='lat' dir='ltr'><strong>tamen</strong></span> <span class='ocrx_word' id='word_1_111' title='bbox 336 833 430 868; x_wconf 89' lang='lat' dir='ltr'><strong>nego</strong></span> <span class='ocrx_word' id='word_1_112' title='bbox 465 822 590 858; x_wconf 88' lang='lat' dir='ltr'><strong>horum</strong></span> <span class='ocrx_word' id='word_1_113' title='bbox 624 833 789 858; x_wconf 88' lang='lat' dir='ltr'><strong>versuum</strong></span> <span class='ocrx_word' id='word_1_114' title='bbox 825 823 1021 859; x_wconf 85' lang='lat' dir='ltr'><strong>sententias</strong></span> <span class='ocrx_word' id='word_1_115' title='bbox 1057 822 1172 857; x_wconf 90' lang='lat' dir='ltr'><strong>minus</strong></span> <span class='ocrx_word' id='word_1_116' title='bbox 1208 822 1401 868; x_wconf 83' lang='lat' dir='ltr'><strong>diligenter</strong></span> <span class='ocrx_word' id='word_1_117' title='bbox 1435 822 1549 857; x_wconf 84' lang='lat' dir='ltr'><strong>elatas</strong></span> 
     </span>
     <span class='ocr_line' id='line_1_13' title="bbox 184 871 1548 923; baseline -0.001 -14"><span class='ocrx_word' id='word_1_118' title='bbox 184 884 282 921; x_wconf 84' lang='lat' dir='ltr'><strong>esse3</strong></span> <span class='ocrx_word' id='word_1_119' title='bbox 315 874 379 909; x_wconf 91' lang='lat' dir='ltr'><strong>sed</strong></span> <span class='ocrx_word' id='word_1_120' title='bbox 412 885 491 910; x_wconf 92' lang='lat' dir='ltr'><strong>cum</strong></span> <span class='ocrx_word' id='word_1_121' title='bbox 520 875 782 919; x_wconf 81' lang='lat' dir='ltr'><strong>respexerimus</strong></span> <span class='ocrx_word' id='word_1_122' title='bbox 813 896 863 900; x_wconf 97' lang='lat'><strong>—</strong></span> <span class='ocrx_word' id='word_1_123' title='bbox 894 872 955 923; x_wconf 87' lang='lat' dir='ltr'><strong>(cf.</strong></span> <span class='ocrx_word' id='word_1_124' title='bbox 979 886 1039 920; x_wconf 88' lang='lat' dir='ltr'><strong>pg.</strong></span> <span class='ocrx_word' id='word_1_125' title='bbox 1065 876 1085 908; x_wconf 86' lang='grc'>7</span> <span class='ocrx_word' id='word_1_126' title='bbox 1109 871 1220 921; x_wconf 88' lang='lat' dir='ltr'><strong>sqq.)‚</strong></span> <span class='ocrx_word' id='word_1_127' title='bbox 1246 895 1290 899; x_wconf 80' lang='lat'>-</span> <span class='ocrx_word' id='word_1_128' title='bbox 1316 885 1423 919; x_wconf 88' lang='lat' dir='ltr'><strong>quam</strong></span> <span class='ocrx_word' id='word_1_129' title='bbox 1450 885 1548 909; x_wconf 87' lang='lat' dir='ltr'><strong>man-</strong></span> 
     </span>
     <span class='ocr_line' id='line_1_14' title="bbox 184 925 1547 974; baseline -0.001 -13"><span class='ocrx_word' id='word_1_130' title='bbox 184 936 263 961; x_wconf 87' lang='lat' dir='ltr'><strong>cum</strong></span> <span class='ocrx_word' id='word_1_131' title='bbox 284 925 331 961; x_wconf 90' lang='lat' dir='ltr'><strong>sit</strong></span> <span class='ocrx_word' id='word_1_132' title='bbox 350 928 463 961; x_wconf 89' lang='lat' dir='ltr'><strong>totum</strong></span> <span class='ocrx_word' id='word_1_133' title='bbox 486 926 685 974; x_wconf 87' lang='lat' dir='ltr'><strong>embolium,</strong></span> <span class='ocrx_word' id='word_1_134' title='bbox 709 927 805 971; x_wconf 91' lang='lat' dir='ltr'><strong>quod</strong></span> <span class='ocrx_word' id='word_1_135' title='bbox 825 926 910 962; x_wconf 89' lang='lat' dir='ltr'><strong>inde</strong></span> <span class='ocrx_word' id='word_1_136' title='bbox 931 939 953 962; x_wconf 87' lang='lat' dir='ltr'><strong>a</strong></span> <span class='ocrx_word' id='word_1_137' title='bbox 971 938 1006 962; x_wconf 89' lang='lat' dir='ltr'><strong>v.</strong></span> <span class='ocrx_word' id='word_1_138' title='bbox 1025 926 1123 961; x_wconf 89' lang='grc'><strong>1013</strong></span> <span class='ocrx_word' id='word_1_139' title='bbox 1146 926 1300 971; x_wconf 86' lang='lat' dir='ltr'><strong>pertinet</strong></span> <span class='ocrx_word' id='word_1_140' title='bbox 1321 925 1368 961; x_wconf 84' lang='lat' dir='ltr'><strong>ad</strong></span> <span class='ocrx_word' id='word_1_141' title='bbox 1382 937 1416 961; x_wconf 88' lang='lat' dir='ltr'><strong>v.</strong></span> <span class='ocrx_word' id='word_1_142' title='bbox 1435 926 1547 972; x_wconf 89' lang='lat'>1104,</span> 
     </span>
     <span class='ocr_line' id='line_1_15' title="bbox 184 978 1547 1024; baseline 0 -11"><span class='ocrx_word' id='word_1_143' title='bbox 184 980 294 1023; x_wconf 87' lang='lat' dir='ltr'><strong>atque</strong></span> <span class='ocrx_word' id='word_1_144' title='bbox 321 979 520 1024; x_wconf 83' lang='lat' dir='ltr'><strong>exemplum</strong></span> <span class='ocrx_word' id='word_1_145' title='bbox 548 979 730 1015; x_wconf 86' lang='lat' dir='ltr'><strong>literarum</strong></span> <span class='ocrx_word' id='word_1_146' title='bbox 752 979 797 1014; x_wconf 89' lang='lat' dir='ltr'><strong>ab</strong></span> <span class='ocrx_word' id='word_1_147' title='bbox 825 978 894 1014; x_wconf 92' lang='lat' dir='ltr'><strong>hoc</strong></span> <span class='ocrx_word' id='word_1_148' title='bbox 914 979 992 1015; x_wconf 91' lang='lat' dir='ltr'><strong>loco</strong></span> <span class='ocrx_word' id='word_1_149' title='bbox 1015 990 1086 1014; x_wconf 91' lang='lat' dir='ltr'><strong>non</strong></span> <span class='ocrx_word' id='word_1_150' title='bbox 1106 989 1251 1023; x_wconf 86' lang='lat' dir='ltr'><strong>prorsus</strong></span> <span class='ocrx_word' id='word_1_151' title='bbox 1274 979 1428 1014; x_wconf 89' lang='lat' dir='ltr'><strong>alienum</strong></span> <span class='ocrx_word' id='word_1_152' title='bbox 1456 988 1547 1024; x_wconf 88' lang='lat' dir='ltr'><strong>esse,</strong></span> 
     </span>
     <span class='ocr_line' id='line_1_16' title="bbox 182 1030 1547 1077; baseline 0 -13"><span class='ocrx_word' id='word_1_153' title='bbox 182 1030 417 1077; x_wconf 89' lang='lat' dir='ltr'><strong>incommoda,</strong></span> <span class='ocrx_word' id='word_1_154' title='bbox 447 1031 575 1075; x_wconf 90' lang='lat' dir='ltr'><strong>quibus</strong></span> <span class='ocrx_word' id='word_1_155' title='bbox 603 1031 692 1065; x_wconf 84' lang='lat' dir='ltr'><strong>haec</strong></span> <span class='ocrx_word' id='word_1_156' title='bbox 719 1042 803 1075; x_wconf 88' lang='lat' dir='ltr'><strong>pars</strong></span> <span class='ocrx_word' id='word_1_157' title='bbox 830 1031 981 1077; x_wconf 86' lang='lat' dir='ltr'><strong>laborat,</strong></span> <span class='ocrx_word' id='word_1_158' title='bbox 1009 1030 1079 1074; x_wconf 89' lang='lat' dir='ltr'><strong>ipsi</strong></span> <span class='ocrx_word' id='word_1_159' title='bbox 1108 1033 1236 1074; x_wconf 75' lang='lat' dir='ltr'><strong>poetae</strong></span> <span class='ocrx_word' id='word_1_160' title='bbox 1272 1031 1447 1075; x_wconf 85' lang='lat' dir='ltr'><strong>imputare</strong></span> <span class='ocrx_word' id='word_1_161' title='bbox 1478 1041 1547 1065; x_wconf 91' lang='lat' dir='ltr'><strong>non</strong></span> 
     </span>
     <span class='ocr_line' id='line_1_17' title="bbox 184 1080 434 1117; baseline 0.004 -2"><span class='ocrx_word' id='word_1_162' title='bbox 184 1080 434 1117; x_wconf 81' lang='lat' dir='ltr'><strong>dubitabimus.</strong></span> 
     </span>
    </p>
   </div>
   <div class='ocr_carea' id='block_1_3' title="bbox 181 1142 1550 2225">
    <p class='ocr_par' dir='ltr' id='par_1_3' title="bbox 181 1142 1550 2225">
     <span class='ocr_line' id='line_1_18' title="bbox 284 1142 1550 1190; baseline 0 -11"><span class='ocrx_word' id='word_1_163' title='bbox 284 1144 359 1179; x_wconf 88' lang='lat' dir='ltr'><strong>Iam</strong></span> <span class='ocrx_word' id='word_1_164' title='bbox 381 1146 603 1179; x_wconf 86' lang='lat' dir='ltr'><strong>transeamus</strong></span> <span class='ocrx_word' id='word_1_165' title='bbox 631 1143 677 1179; x_wconf 86' lang='lat' dir='ltr'><strong>ad</strong></span> <span class='ocrx_word' id='word_1_166' title='bbox 707 1155 765 1179; x_wconf 90' lang='lat' dir='ltr'><strong>vv.</strong></span> <span class='ocrx_word' id='word_1_167' title='bbox 789 1144 824 1178; x_wconf 93' lang='grc' dir='ltr'><strong>ΙΙ</strong></span> <span class='ocrx_word' id='word_1_168' title='bbox 847 1144 1039 1190; x_wconf 71' lang='lat' dir='ltr'><strong>ese—99,</strong></span> <span class='ocrx_word' id='word_1_169' title='bbox 1075 1143 1135 1188; x_wconf 90' lang='lat' dir='ltr'><strong>qui</strong></span> <span class='ocrx_word' id='word_1_170' title='bbox 1157 1142 1241 1178; x_wconf 89' lang='lat' dir='ltr'><strong>item</strong></span> <span class='ocrx_word' id='word_1_171' title='bbox 1264 1156 1286 1179; x_wconf 89' lang='lat' dir='ltr'><strong>a</strong></span> <span class='ocrx_word' id='word_1_172' title='bbox 1309 1142 1474 1179; x_wconf 87' lang='lat' dir='ltr'><strong>Gneissio</strong></span> <span class='ocrx_word' id='word_1_173' title='bbox 1497 1144 1550 1179; x_wconf 90' lang='lat' dir='ltr'><strong>id-</strong></span> 
     </span>
     <span class='ocr_line' id='line_1_19' title="bbox 184 1194 1550 1239; baseline 0.001 -10"><span class='ocrx_word' id='word_1_174' title='bbox 184 1205 253 1239; x_wconf 91' lang='lat' dir='ltr'><strong>que</strong></span> <span class='ocrx_word' id='word_1_175' title='bbox 288 1196 462 1239; x_wconf 77' lang='lat' dir='ltr'><strong>probante</strong></span> <span class='ocrx_word' id='word_1_176' title='bbox 499 1194 629 1230; x_wconf 87' lang='lat' dir='ltr'><strong>Tohtio</strong></span> <span class='ocrx_word' id='word_1_177' title='bbox 664 1198 859 1231; x_wconf 84' lang='lat' dir='ltr'><strong>tentantur.</strong></span> <span class='ocrx_word' id='word_1_178' title='bbox 926 1195 1024 1230; x_wconf 88' lang='lat' dir='ltr'><strong>Inter</strong></span> <span class='ocrx_word' id='word_1_179' title='bbox 1050 1205 1089 1229; x_wconf 87' lang='lat' dir='ltr'><strong>se</strong></span> <span class='ocrx_word' id='word_1_180' title='bbox 1125 1205 1285 1239; x_wconf 86' lang='lat' dir='ltr'><strong>pugnare</strong></span> <span class='ocrx_word' id='word_1_181' title='bbox 1327 1194 1413 1229; x_wconf 86' lang='lat' dir='ltr'><strong>dicit</strong></span> <span class='ocrx_word' id='word_1_182' title='bbox 1439 1195 1550 1230; x_wconf 86' lang='lat' dir='ltr'><strong>verba</strong></span> 
     </span>
     <span class='ocr_line' id='line_1_20' title="bbox 186 1244 1549 1294; baseline 0 -12"><span class='ocrx_word' id='word_1_183' title='bbox 186 1248 320 1294; x_wconf 83' lang='lat' dir='ltr'><strong>„multa</strong></span> <span class='ocrx_word' id='word_1_184' title='bbox 347 1247 523 1283; x_wconf 84' lang='lat' dir='ltr'><strong>elementa</strong></span> <span class='ocrx_word' id='word_1_185' title='bbox 548 1247 667 1284; x_wconf 91' lang='lat' dir='ltr'><strong>multis</strong></span> <span class='ocrx_word' id='word_1_186' title='bbox 703 1247 824 1283; x_wconf 91' lang='lat' dir='ltr'><strong>verbis</strong></span> <span class='ocrx_word' id='word_1_187' title='bbox 860 1246 1056 1282; x_wconf 86' lang='lat' dir='ltr'><strong>communia</strong></span> <span class='ocrx_word' id='word_1_188' title='bbox 1078 1244 1182 1281; x_wconf 72' lang='lat' dir='ltr'><strong>sunt⁶⁴</strong></span> <span class='ocrx_word' id='word_1_189' title='bbox 1213 1246 1287 1282; x_wconf 88' lang='lat'><strong>689</strong></span> <span class='ocrx_word' id='word_1_190' title='bbox 1317 1248 1353 1282; x_wconf 88' lang='lat' dir='ltr'><strong>et</strong></span> <span class='ocrx_word' id='word_1_191' title='bbox 1380 1247 1478 1294; x_wconf 86' lang='lat' dir='ltr'><strong>„alia</strong></span> <span class='ocrx_word' id='word_1_192' title='bbox 1505 1256 1549 1282; x_wconf 84' lang='lat' dir='ltr'><strong>ex</strong></span> 
     </span>
     <span class='ocr_line' id='line_1_21' title="bbox 183 1298 1547 1346; baseline 0.001 -13"><span class='ocrx_word' id='word_1_193' title='bbox 183 1299 264 1334; x_wconf 80' lang='lat' dir='ltr'><strong>aliis</strong></span> <span class='ocrx_word' id='word_1_194' title='bbox 287 1300 471 1335; x_wconf 91' lang='lat' dir='ltr'><strong>elementis</strong></span> <span class='ocrx_word' id='word_1_195' title='bbox 494 1299 685 1335; x_wconf 85' lang='lat' dir='ltr'><strong>constant“</strong></span> <span class='ocrx_word' id='word_1_196' title='bbox 710 1300 805 1346; x_wconf 84' lang='lat'>691,</span> <span class='ocrx_word' id='word_1_197' title='bbox 842 1299 1008 1344; x_wconf 88' lang='lat' dir='ltr'><strong>quoniam</strong></span> <span class='ocrx_word' id='word_1_198' title='bbox 1030 1299 1120 1334; x_wconf 84' lang='lat' dir='ltr'><strong>haec</strong></span> <span class='ocrx_word' id='word_1_199' title='bbox 1142 1298 1343 1343; x_wconf 89' lang='lat' dir='ltr'><strong>significent</strong></span> <span class='ocrx_word' id='word_1_200' title='bbox 1364 1299 1436 1334; x_wconf 91' lang='lat' dir='ltr'><strong>illis</strong></span> <span class='ocrx_word' id='word_1_201' title='bbox 1464 1310 1547 1334; x_wconf 88' lang='lat' dir='ltr'><strong>con-</strong></span> 
     </span>
     <span class='ocr_line' id='line_1_22' title="bbox 182 1348 1548 1399; baseline 0.001 -14"><span class='ocrx_word' id='word_1_202' title='bbox 182 1351 331 1386; x_wconf 87' lang='lat' dir='ltr'><strong>trarium</strong></span> <span class='ocrx_word' id='word_1_203' title='bbox 355 1352 476 1399; x_wconf 84' lang='lat' dir='ltr'><strong>„nulla</strong></span> <span class='ocrx_word' id='word_1_204' title='bbox 499 1353 674 1387; x_wconf 85' lang='lat' dir='ltr'><strong>elementa</strong></span> <span class='ocrx_word' id='word_1_205' title='bbox 696 1351 895 1387; x_wconf 89' lang='lat' dir='ltr'><strong>communia</strong></span> <span class='ocrx_word' id='word_1_206' title='bbox 916 1360 996 1386; x_wconf 89' lang='lat' dir='ltr'><strong>esse</strong></span> <span class='ocrx_word' id='word_1_207' title='bbox 1018 1348 1177 1386; x_wconf 82' lang='lat' dir='ltr'><strong>verbis“.</strong></span> <span class='ocrx_word' id='word_1_208' title='bbox 1205 1350 1253 1386; x_wconf 90' lang='lat' dir='ltr'><strong>At</strong></span> <span class='ocrx_word' id='word_1_209' title='bbox 1274 1350 1407 1386; x_wconf 82' lang='lat' dir='ltr'><strong>diserte</strong></span> <span class='ocrx_word' id='word_1_210' title='bbox 1428 1354 1548 1387; x_wconf 89' lang='lat' dir='ltr'><strong>monet</strong></span> 
     </span>
     <span class='ocr_line' id='line_1_23' title="bbox 182 1403 1546 1449; baseline 0 -11"><span class='ocrx_word' id='word_1_211' title='bbox 182 1405 290 1447; x_wconf 72' lang='lat' dir='ltr'><strong>poeta</strong></span> <span class='ocrx_word' id='word_1_212' title='bbox 312 1404 466 1438; x_wconf 85' lang='lat'>692--4</span> <span class='ocrx_word' id='word_1_213' title='bbox 500 1404 613 1439; x_wconf 88' lang='lat' dir='ltr'><strong>verba</strong></span> <span class='ocrx_word' id='word_1_214' title='bbox 650 1407 813 1439; x_wconf 82' lang='lat' dir='ltr'><strong>constare</strong></span> <span class='ocrx_word' id='word_1_215' title='bbox 849 1414 893 1439; x_wconf 85' lang='lat' dir='ltr'><strong>ex</strong></span> <span class='ocrx_word' id='word_1_216' title='bbox 928 1403 1080 1438; x_wconf 87' lang='lat' dir='ltr'><strong>diversis</strong></span> <span class='ocrx_word' id='word_1_217' title='bbox 1117 1403 1313 1449; x_wconf 85' lang='lat' dir='ltr'><strong>elementis,</strong></span> <span class='ocrx_word' id='word_1_218' title='bbox 1352 1414 1435 1438; x_wconf 88' lang='lat' dir='ltr'><strong>non</strong></span> <span class='ocrx_word' id='word_1_219' title='bbox 1459 1414 1546 1448; x_wconf 92' lang='lat' dir='ltr'><strong>quo</strong></span> 
     </span>
     <span class='ocr_line' id='line_1_24' title="bbox 183 1455 1545 1499; baseline 0.001 -10"><span class='ocrx_word' id='word_1_220' title='bbox 183 1465 305 1490; x_wconf 88' lang='lat' dir='ltr'><strong>omnes</strong></span> <span class='ocrx_word' id='word_1_221' title='bbox 326 1456 453 1490; x_wconf 85' lang='lat' dir='ltr'><strong>literae</strong></span> <span class='ocrx_word' id='word_1_222' title='bbox 481 1456 644 1491; x_wconf 88' lang='lat' dir='ltr'><strong>diversae</strong></span> <span class='ocrx_word' id='word_1_223' title='bbox 675 1456 746 1491; x_wconf 87' lang='lat' dir='ltr'><strong>sint</strong></span> <span class='ocrx_word' id='word_1_224' title='bbox 772 1458 834 1491; x_wconf 87' lang='lat' dir='ltr'><strong>aut</strong></span> <span class='ocrx_word' id='word_1_225' title='bbox 855 1455 943 1490; x_wconf 92' lang='lat' dir='ltr'><strong>nulli</strong></span> <span class='ocrx_word' id='word_1_226' title='bbox 964 1455 1075 1490; x_wconf 88' lang='lat' dir='ltr'><strong>verbo</strong></span> <span class='ocrx_word' id='word_1_227' title='bbox 1096 1455 1217 1499; x_wconf 88' lang='lat' dir='ltr'><strong>plures</strong></span> <span class='ocrx_word' id='word_1_228' title='bbox 1240 1455 1365 1490; x_wconf 88' lang='lat' dir='ltr'><strong>literae</strong></span> <span class='ocrx_word' id='word_1_229' title='bbox 1392 1465 1545 1490; x_wconf 88' lang='lat' dir='ltr'><strong>eommu-</strong></span> 
     </span>
     <span class='ocr_line' id='line_1_25' title="bbox 183 1503 1548 1555; baseline 0 -14"><span class='ocrx_word' id='word_1_230' title='bbox 183 1517 245 1541; x_wconf 91' lang='lat' dir='ltr'><strong>nes</strong></span> <span class='ocrx_word' id='word_1_231' title='bbox 268 1503 336 1555; x_wconf 68' lang='lat'>(1³),</span> <span class='ocrx_word' id='word_1_232' title='bbox 366 1506 429 1542; x_wconf 90' lang='lat' dir='ltr'><strong>sed</strong></span> <span class='ocrx_word' id='word_1_233' title='bbox 461 1507 545 1551; x_wconf 88' lang='lat' dir='ltr'><strong>quia</strong></span> <span class='ocrx_word' id='word_1_234' title='bbox 573 1518 644 1543; x_wconf 90' lang='lat' dir='ltr'><strong>non</strong></span> <span class='ocrx_word' id='word_1_235' title='bbox 676 1518 798 1543; x_wconf 90' lang='lat' dir='ltr'><strong>omnes</strong></span> <span class='ocrx_word' id='word_1_236' title='bbox 828 1506 975 1542; x_wconf 86' lang='lat' dir='ltr'><strong>eaedem</strong></span> <span class='ocrx_word' id='word_1_237' title='bbox 1008 1509 1100 1542; x_wconf 90' lang='lat' dir='ltr'><strong>sunt.</strong></span> <span class='ocrx_word' id='word_1_238' title='bbox 1154 1506 1272 1551; x_wconf 89' lang='lat' dir='ltr'><strong>Atque</strong></span> <span class='ocrx_word' id='word_1_239' title='bbox 1307 1507 1448 1542; x_wconf 87' lang='lat' dir='ltr'><strong>omnino</strong></span> <span class='ocrx_word' id='word_1_240' title='bbox 1475 1510 1548 1542; x_wconf 86' lang='lat' dir='ltr'><strong>tam</strong></span> 
     </span>
     <span class='ocr_line' id='line_1_26' title="bbox 182 1558 1545 1606; baseline 0.001 -14"><span class='ocrx_word' id='word_1_241' title='bbox 182 1558 353 1593; x_wconf 89' lang='lat' dir='ltr'><strong>insulsum</strong></span> <span class='ocrx_word' id='word_1_242' title='bbox 369 1559 561 1606; x_wconf 87' lang='lat' dir='ltr'><strong>videretur,</strong></span> <span class='ocrx_word' id='word_1_243' title='bbox 574 1562 614 1594; x_wconf 85' lang='lat' dir='ltr'><strong>ut</strong></span> <span class='ocrx_word' id='word_1_244' title='bbox 628 1570 674 1594; x_wconf 92' lang='lat' dir='ltr'><strong>ne</strong></span> <span class='ocrx_word' id='word_1_245' title='bbox 687 1558 932 1603; x_wconf 86' lang='lat' dir='ltr'><strong>interpolatori</strong></span> <span class='ocrx_word' id='word_1_246' title='bbox 947 1558 1090 1603; x_wconf 88' lang='lat' dir='ltr'><strong>quidem</strong></span> <span class='ocrx_word' id='word_1_247' title='bbox 1104 1559 1338 1602; x_wconf 85' lang='lat' dir='ltr'><strong>probabiliter</strong></span> <span class='ocrx_word' id='word_1_248' title='bbox 1350 1559 1545 1594; x_wconf 87' lang='lat' dir='ltr'><strong>tribueres:</strong></span> 
     </span>
     <span class='ocr_line' id='line_1_27' title="bbox 183 1606 1547 1658; baseline 0.001 -15"><span class='ocrx_word' id='word_1_249' title='bbox 183 1610 327 1645; x_wconf 88' lang='lat' dir='ltr'><strong>multa</strong></span> <span class='ocrx_word' id='word_1_250' title='bbox 361 1611 537 1646; x_wconf 88' lang='lat' dir='ltr'><strong>elementa</strong></span> <span class='ocrx_word' id='word_1_251' title='bbox 570 1611 691 1645; x_wconf 92' lang='lat' dir='ltr'><strong>multis</strong></span> <span class='ocrx_word' id='word_1_252' title='bbox 725 1611 846 1645; x_wconf 88' lang='lat' dir='ltr'><strong>verbis</strong></span> <span class='ocrx_word' id='word_1_253' title='bbox 883 1610 1133 1645; x_wconf 89' lang='lat' dir='ltr'><strong>communia</strong></span> <span class='ocrx_word' id='word_1_254' title='bbox 1156 1612 1238 1644; x_wconf 92' lang='lat' dir='ltr'><strong>sunt</strong></span> <span class='ocrx_word' id='word_1_255' title='bbox 1267 1606 1396 1658; x_wconf 89' lang='lat'>(689),</span> <span class='ocrx_word' id='word_1_256' title='bbox 1428 1612 1547 1645; x_wconf 90' lang='lat' dir='ltr'><strong>tamen</strong></span> 
     </span>
     <span class='ocr_line' id='line_1_28' title="bbox 183 1659 1546 1711; baseline 0.001 -15"><span class='ocrx_word' id='word_1_257' title='bbox 183 1661 333 1697; x_wconf 87' lang='lat' dir='ltr'><strong>omnia</strong></span> <span class='ocrx_word' id='word_1_258' title='bbox 359 1665 441 1697; x_wconf 89' lang='lat' dir='ltr'><strong>sunt</strong></span> <span class='ocrx_word' id='word_1_259' title='bbox 464 1661 657 1698; x_wconf 86' lang='lat' dir='ltr'><strong>diversa</strong></span> <span class='ocrx_word' id='word_1_260' title='bbox 683 1660 786 1711; x_wconf 87' lang='grc'><strong>(690.</strong></span> <span class='ocrx_word' id='word_1_261' title='bbox 811 1659 888 1711; x_wconf 89' lang='grc'>91).</span> <span class='ocrx_word' id='word_1_262' title='bbox 908 1683 959 1688; x_wconf 97' lang='grc'><strong>-</strong></span> <span class='ocrx_word' id='word_1_263' title='bbox 979 1661 1188 1697; x_wconf 86' lang='lat' dir='ltr'><strong>Aeeuratius</strong></span> <span class='ocrx_word' id='word_1_264' title='bbox 1211 1662 1355 1707; x_wconf 89' lang='lat' dir='ltr'><strong>quidem</strong></span> <span class='ocrx_word' id='word_1_265' title='bbox 1376 1661 1444 1698; x_wconf 87' lang='lat' dir='ltr'><strong>hae</strong></span> <span class='ocrx_word' id='word_1_266' title='bbox 1467 1672 1546 1698; x_wconf 91' lang='lat' dir='ltr'><strong>sen-</strong></span> 
     </span>
     <span class='ocr_line' id='line_1_29' title="bbox 183 1713 1546 1758; baseline 0 -10"><span class='ocrx_word' id='word_1_267' title='bbox 183 1713 318 1748; x_wconf 85' lang='lat' dir='ltr'><strong>tentiae</strong></span> <span class='ocrx_word' id='word_1_268' title='bbox 345 1714 396 1749; x_wconf 88' lang='lat' dir='ltr'><strong>ita</strong></span> <span class='ocrx_word' id='word_1_269' title='bbox 423 1714 541 1749; x_wconf 88' lang='lat' dir='ltr'><strong>efferri</strong></span> <span class='ocrx_word' id='word_1_270' title='bbox 567 1718 753 1758; x_wconf 83' lang='lat' dir='ltr'><strong>poterant:</strong></span> <span class='ocrx_word' id='word_1_271' title='bbox 776 1715 888 1749; x_wconf 84' lang='lat' dir='ltr'><strong>multa</strong></span> <span class='ocrx_word' id='word_1_272' title='bbox 909 1715 1087 1749; x_wconf 87' lang='lat' dir='ltr'><strong>elementa</strong></span> <span class='ocrx_word' id='word_1_273' title='bbox 1109 1714 1229 1748; x_wconf 89' lang='lat' dir='ltr'><strong>multis</strong></span> <span class='ocrx_word' id='word_1_274' title='bbox 1251 1714 1371 1749; x_wconf 88' lang='lat' dir='ltr'><strong>verbis</strong></span> <span class='ocrx_word' id='word_1_275' title='bbox 1393 1721 1546 1749; x_wconf 84' lang='lat' dir='ltr'><strong>commu-</strong></span> 
     </span>
     <span class='ocr_line' id='line_1_30' title="bbox 181 1764 1545 1811; baseline 0.001 -12"><span class='ocrx_word' id='word_1_276' title='bbox 181 1764 242 1799; x_wconf 86' lang='lat' dir='ltr'><strong>nia</strong></span> <span class='ocrx_word' id='word_1_277' title='bbox 262 1768 356 1811; x_wconf 85' lang='lat' dir='ltr'><strong>sunt,</strong></span> <span class='ocrx_word' id='word_1_278' title='bbox 385 1776 461 1799; x_wconf 88' lang='lat' dir='ltr'><strong>eum</strong></span> <span class='ocrx_word' id='word_1_279' title='bbox 489 1767 608 1800; x_wconf 87' lang='lat' dir='ltr'><strong>tamen</strong></span> <span class='ocrx_word' id='word_1_280' title='bbox 630 1766 742 1800; x_wconf 86' lang='lat' dir='ltr'><strong>verba</strong></span> <span class='ocrx_word' id='word_1_281' title='bbox 762 1764 841 1809; x_wconf 86' lang='lat' dir='ltr'><strong>ipsa</strong></span> <span class='ocrx_word' id='word_1_282' title='bbox 867 1785 908 1790; x_wconf 82' lang='lat'>—</span> <span class='ocrx_word' id='word_1_283' title='bbox 935 1765 959 1800; x_wconf 90' lang='lat' dir='ltr'><strong>i.</strong></span> <span class='ocrx_word' id='word_1_284' title='bbox 983 1775 1014 1800; x_wconf 92' lang='lat' dir='ltr'><strong>e.</strong></span> <span class='ocrx_word' id='word_1_285' title='bbox 1038 1775 1195 1799; x_wconf 88' lang='lat' dir='ltr'><strong>summae</strong></span> <span class='ocrx_word' id='word_1_286' title='bbox 1217 1766 1473 1801; x_wconf 88' lang='lat' dir='ltr'><strong>elementorum</strong></span> <span class='ocrx_word' id='word_1_287' title='bbox 1500 1785 1545 1791; x_wconf 91' lang='lat'>—</span> 
     </span>
     <span class='ocr_line' id='line_1_31' title="bbox 181 1815 1545 1866; baseline 0.001 -14"><span class='ocrx_word' id='word_1_288' title='bbox 181 1817 276 1852; x_wconf 88' lang='lat' dir='ltr'><strong>inter</strong></span> <span class='ocrx_word' id='word_1_289' title='bbox 298 1828 337 1853; x_wconf 89' lang='lat' dir='ltr'><strong>se</strong></span> <span class='ocrx_word' id='word_1_290' title='bbox 360 1817 526 1853; x_wconf 82' lang='lat' dir='ltr'><strong>differant</strong></span> <span class='ocrx_word' id='word_1_291' title='bbox 548 1817 623 1853; x_wconf 90' lang='lat' dir='ltr'><strong>sive</strong></span> <span class='ocrx_word' id='word_1_292' title='bbox 646 1818 741 1854; x_wconf 89' lang='lat' dir='ltr'><strong>inter</strong></span> <span class='ocrx_word' id='word_1_293' title='bbox 763 1828 801 1853; x_wconf 88' lang='lat' dir='ltr'><strong>se</strong></span> <span class='ocrx_word' id='word_1_294' title='bbox 824 1819 861 1853; x_wconf 90' lang='lat' dir='ltr'><strong>et</strong></span> <span class='ocrx_word' id='word_1_295' title='bbox 882 1828 921 1853; x_wconf 93' lang='lat' dir='ltr'><strong>re</strong></span> <span class='ocrx_word' id='word_1_296' title='bbox 944 1819 980 1853; x_wconf 90' lang='lat' dir='ltr'><strong>et</strong></span> <span class='ocrx_word' id='word_1_297' title='bbox 1003 1816 1121 1853; x_wconf 92' lang='lat' dir='ltr'><strong>sonitu</strong></span> <span class='ocrx_word' id='word_1_298' title='bbox 1144 1817 1277 1853; x_wconf 88' lang='lat' dir='ltr'><strong>distent</strong></span> <span class='ocrx_word' id='word_1_299' title='bbox 1300 1815 1466 1866; x_wconf 77' lang='lat' dir='ltr'><strong>(dieiturt</strong></span> <span class='ocrx_word' id='word_1_300' title='bbox 1485 1845 1493 1853; x_wconf 94' lang='lat'>.</span> <span class='ocrx_word' id='word_1_301' title='bbox 1511 1845 1519 1854; x_wconf 89' lang='lat'><strong>.</strong></span> <span class='ocrx_word' id='word_1_302' title='bbox 1537 1845 1545 1854; x_wconf 93' lang='lat'><strong>.</strong></span> 
     </span>
     <span class='ocr_line' id='line_1_32' title="bbox 182 1867 1548 1917; baseline 0 -14"><span class='ocrx_word' id='word_1_303' title='bbox 182 1871 302 1903; x_wconf 86' lang='lat' dir='ltr'><strong>tamen</strong></span> <span class='ocrx_word' id='word_1_304' title='bbox 323 1870 435 1904; x_wconf 87' lang='lat' dir='ltr'><strong>verba</strong></span> <span class='ocrx_word' id='word_1_305' title='bbox 456 1869 550 1904; x_wconf 89' lang='lat' dir='ltr'><strong>inter</strong></span> <span class='ocrx_word' id='word_1_306' title='bbox 585 1880 624 1904; x_wconf 88' lang='lat' dir='ltr'><strong>se</strong></span> <span class='ocrx_word' id='word_1_307' title='bbox 659 1871 731 1905; x_wconf 87' lang='lat' dir='ltr'><strong>alia</strong></span> <span class='ocrx_word' id='word_1_308' title='bbox 764 1880 809 1904; x_wconf 87' lang='lat' dir='ltr'><strong>ex</strong></span> <span class='ocrx_word' id='word_1_309' title='bbox 843 1870 924 1905; x_wconf 89' lang='lat' dir='ltr'><strong>aliis</strong></span> <span class='ocrx_word' id='word_1_310' title='bbox 946 1869 1200 1904; x_wconf 88' lang='lat' dir='ltr'><strong>elementis</strong></span> <span class='ocrx_word' id='word_1_311' title='bbox 1230 1867 1420 1917; x_wconf 85' lang='lat' dir='ltr'><strong>constant).</strong></span> <span class='ocrx_word' id='word_1_312' title='bbox 1476 1869 1548 1905; x_wconf 86' lang='lat' dir='ltr'><strong>Sed</strong></span> 
     </span>
     <span class='ocr_line' id='line_1_33' title="bbox 183 1920 1547 1957; baseline 0.001 -2"><span class='ocrx_word' id='word_1_313' title='bbox 183 1920 381 1956; x_wconf 86' lang='lat' dir='ltr'><strong>tolerabilis</strong></span> <span class='ocrx_word' id='word_1_314' title='bbox 411 1920 497 1955; x_wconf 87' lang='lat' dir='ltr'><strong>mihi</strong></span> <span class='ocrx_word' id='word_1_315' title='bbox 526 1921 670 1956; x_wconf 90' lang='lat' dir='ltr'><strong>videtur</strong></span> <span class='ocrx_word' id='word_1_316' title='bbox 691 1922 761 1957; x_wconf 85' lang='lat' dir='ltr'><strong>ista</strong></span> <span class='ocrx_word' id='word_1_317' title='bbox 783 1920 908 1956; x_wconf 85' lang='lat' dir='ltr'><strong>oratio.</strong></span> <span class='ocrx_word' id='word_1_318' title='bbox 984 1920 1076 1955; x_wconf 87' lang='lat' dir='ltr'><strong>Nam</strong></span> <span class='ocrx_word' id='word_1_319' title='bbox 1107 1923 1146 1955; x_wconf 88' lang='lat' dir='ltr'><strong>ut</strong></span> <span class='ocrx_word' id='word_1_320' title='bbox 1175 1920 1416 1956; x_wconf 87' lang='lat' dir='ltr'><strong>demonstravi</strong></span> <span class='ocrx_word' id='word_1_321' title='bbox 1442 1931 1482 1956; x_wconf 90' lang='lat' dir='ltr'><strong>re</strong></span> <span class='ocrx_word' id='word_1_322' title='bbox 1508 1932 1547 1956; x_wconf 91' lang='lat' dir='ltr'><strong>u-</strong></span> 
     </span>
     <span class='ocr_line' id='line_1_34' title="bbox 183 1932 1548 2019; baseline 0.001 -12"><span class='ocrx_word' id='word_1_323' title='bbox 183 1972 332 2018; x_wconf 87' lang='lat' dir='ltr'><strong>gnantia</strong></span> <span class='ocrx_word' id='word_1_324' title='bbox 352 1983 423 2008; x_wconf 88' lang='lat' dir='ltr'><strong>non</strong></span> <span class='ocrx_word' id='word_1_325' title='bbox 446 1976 573 2009; x_wconf 84' lang='lat' dir='ltr'><strong>exstat.</strong></span> <span class='ocrx_word' id='word_1_326' title='bbox 627 1973 737 2009; x_wconf 91' lang='lat' dir='ltr'><strong>Immo</strong></span> <span class='ocrx_word' id='word_1_327' title='bbox 768 1973 945 2009; x_wconf 86' lang='lat' dir='ltr'><strong>sententia</strong></span> <span class='ocrx_word' id='word_1_328' title='bbox 974 1982 1099 2009; x_wconf 89' lang='lat' dir='ltr'><strong>versus</strong></span> <span class='ocrx_word' id='word_1_329' title='bbox 1122 1973 1195 2008; x_wconf 87' lang='grc'><strong>689</strong></span> <span class='ocrx_word' id='word_1_330' title='bbox 1229 1972 1344 2009; x_wconf 89' lang='lat' dir='ltr'><strong>denuo</strong></span> <span class='ocrx_word' id='word_1_331' title='bbox 1372 1932 1548 2019; x_wconf 53' lang='lat' dir='ltr'><strong>excipssur</strong></span> 
     </span>
     <span class='ocr_line' id='line_1_35' title="bbox 183 2024 1547 2071; baseline 0.001 -12"><span class='ocrx_word' id='word_1_332' title='bbox 183 2025 346 2060; x_wconf 87' lang='lat' dir='ltr'><strong>versibus</strong></span> <span class='ocrx_word' id='word_1_333' title='bbox 370 2025 571 2071; x_wconf 84' lang='lat'>692—943</span> <span class='ocrx_word' id='word_1_334' title='bbox 593 2028 701 2070; x_wconf 88' lang='lat' dir='ltr'><strong>atque</strong></span> <span class='ocrx_word' id='word_1_335' title='bbox 723 2025 789 2061; x_wconf 89' lang='lat' dir='ltr'><strong>hos</strong></span> <span class='ocrx_word' id='word_1_336' title='bbox 812 2025 973 2070; x_wconf 89' lang='lat' dir='ltr'><strong>quidem,</strong></span> <span class='ocrx_word' id='word_1_337' title='bbox 1010 2024 1040 2059; x_wconf 89' lang='lat' dir='ltr'><strong>si</strong></span> <span class='ocrx_word' id='word_1_338' title='bbox 1061 2024 1241 2071; x_wconf 85' lang='lat' dir='ltr'><strong>abessent,</strong></span> <span class='ocrx_word' id='word_1_339' title='bbox 1264 2025 1408 2060; x_wconf 91' lang='lat' dir='ltr'><strong>minime</strong></span> <span class='ocrx_word' id='word_1_340' title='bbox 1429 2026 1547 2070; x_wconf 91' lang='lat' dir='ltr'><strong>requi-</strong></span> 
     </span>
     <span class='ocr_line' id='line_1_36' title="bbox 184 2076 1548 2123; baseline 0.001 -12"><span class='ocrx_word' id='word_1_341' title='bbox 184 2086 313 2112; x_wconf 89' lang='lat' dir='ltr'><strong>rerem.</strong></span> <span class='ocrx_word' id='word_1_342' title='bbox 369 2076 441 2112; x_wconf 88' lang='lat' dir='ltr'><strong>Sed</strong></span> <span class='ocrx_word' id='word_1_343' title='bbox 467 2076 504 2112; x_wconf 92' lang='lat' dir='ltr'><strong>in</strong></span> <span class='ocrx_word' id='word_1_344' title='bbox 531 2088 590 2112; x_wconf 87' lang='lat' dir='ltr'><strong>vv.</strong></span> <span class='ocrx_word' id='word_1_345' title='bbox 615 2077 702 2112; x_wconf 86' lang='lat'>690.</span> <span class='ocrx_word' id='word_1_346' title='bbox 727 2078 773 2112; x_wconf 88' lang='grc'><strong>91</strong></span> <span class='ocrx_word' id='word_1_347' title='bbox 798 2079 988 2122; x_wconf 88' lang='lat' dir='ltr'><strong>praeterea</strong></span> <span class='ocrx_word' id='word_1_348' title='bbox 1021 2076 1133 2111; x_wconf 86' lang='lat' dir='ltr'><strong>verba</strong></span> <span class='ocrx_word' id='word_1_349' title='bbox 1171 2076 1288 2123; x_wconf 88' lang='lat' dir='ltr'><strong>„inter</strong></span> <span class='ocrx_word' id='word_1_350' title='bbox 1321 2076 1385 2113; x_wconf 87' lang='lat' dir='ltr'><strong>se“</strong></span> <span class='ocrx_word' id='word_1_351' title='bbox 1422 2088 1548 2123; x_wconf 89' lang='lat' dir='ltr'><strong>parum</strong></span> 
     </span>
     <span class='ocr_line' id='line_1_37' title="bbox 183 2126 1548 2175; baseline -0.001 -11"><span class='ocrx_word' id='word_1_352' title='bbox 183 2131 350 2165; x_wconf 87' lang='lat' dir='ltr'><strong>accurate</strong></span> <span class='ocrx_word' id='word_1_353' title='bbox 371 2129 566 2174; x_wconf 87' lang='lat' dir='ltr'><strong>iunguntur</strong></span> <span class='ocrx_word' id='word_1_354' title='bbox 588 2139 667 2164; x_wconf 89' lang='lat' dir='ltr'><strong>cum</strong></span> <span class='ocrx_word' id='word_1_355' title='bbox 688 2129 807 2165; x_wconf 89' lang='lat' dir='ltr'><strong>verbis</strong></span> <span class='ocrx_word' id='word_1_356' title='bbox 830 2129 926 2175; x_wconf 86' lang='lat' dir='ltr'><strong>„alia</strong></span> <span class='ocrx_word' id='word_1_357' title='bbox 948 2139 993 2163; x_wconf 84' lang='lat' dir='ltr'><strong>ex</strong></span> <span class='ocrx_word' id='word_1_358' title='bbox 1014 2126 1131 2163; x_wconf 87' lang='lat' dir='ltr'><strong>aliis“.</strong></span> <span class='ocrx_word' id='word_1_359' title='bbox 1175 2128 1275 2163; x_wconf 90' lang='lat' dir='ltr'><strong>Haec</strong></span> <span class='ocrx_word' id='word_1_360' title='bbox 1297 2132 1415 2165; x_wconf 89' lang='lat' dir='ltr'><strong>autem</strong></span> <span class='ocrx_word' id='word_1_361' title='bbox 1438 2129 1548 2165; x_wconf 87' lang='lat' dir='ltr'><strong>offen-</strong></span> 
     </span>
     <span class='ocr_line' id='line_1_38' title="bbox 184 2179 1549 2225; baseline 0 -10"><span class='ocrx_word' id='word_1_362' title='bbox 184 2180 237 2215; x_wconf 88' lang='lat' dir='ltr'><strong>sio</strong></span> <span class='ocrx_word' id='word_1_363' title='bbox 268 2180 356 2216; x_wconf 87' lang='lat' dir='ltr'><strong>satis</strong></span> <span class='ocrx_word' id='word_1_364' title='bbox 387 2180 513 2224; x_wconf 90' lang='lat' dir='ltr'><strong>opinor</strong></span> <span class='ocrx_word' id='word_1_365' title='bbox 543 2183 732 2216; x_wconf 85' lang='lat' dir='ltr'><strong>excusatur</strong></span> <span class='ocrx_word' id='word_1_366' title='bbox 764 2191 807 2215; x_wconf 90' lang='lat' dir='ltr'><strong>eo</strong></span> <span class='ocrx_word' id='word_1_367' title='bbox 829 2179 925 2225; x_wconf 87' lang='lat' dir='ltr'><strong>quod</strong></span> <span class='ocrx_word' id='word_1_368' title='bbox 946 2183 1074 2224; x_wconf 71' lang='lat' dir='ltr'><strong>poetae</strong></span> <span class='ocrx_word' id='word_1_369' title='bbox 1101 2179 1137 2213; x_wconf 93' lang='lat' dir='ltr'><strong>in</strong></span> <span class='ocrx_word' id='word_1_370' title='bbox 1159 2180 1331 2215; x_wconf 88' lang='lat' dir='ltr'><strong>memoria</strong></span> <span class='ocrx_word' id='word_1_371' title='bbox 1351 2180 1549 2217; x_wconf 86' lang='lat' dir='ltr'><strong>haerebant</strong></span> 
     </span>
    </p>
   </div>
   <div class='ocr_carea' id='block_1_4' title="bbox 184 2230 437 2268">
    <p class='ocr_par' dir='ltr' id='par_1_4' title="bbox 184 2230 437 2268">
     <span class='ocr_line' id='line_1_39' title="bbox 184 2230 437 2268; baseline -0.008 0"><span class='ocrx_word' id='word_1_372' title='bbox 184 2243 242 2268; x_wconf 89' lang='lat' dir='ltr'><strong>vv.</strong></span> <span class='ocrx_word' id='word_1_373' title='bbox 264 2233 282 2266; x_wconf 93' lang='lat' dir='ltr'>I</span> <span class='ocrx_word' id='word_1_374' title='bbox 303 2230 391 2267; x_wconf 88' lang='lat'>825.</span> <span class='ocrx_word' id='word_1_375' title='bbox 415 2232 437 2266; x_wconf 92' lang='lat'>6</span> 
     </span>
    </p>
   </div>
   <div class='ocr_carea' id='block_1_5' title="bbox 238 2304 1158 2405">
    <p class='ocr_par' dir='ltr' id='par_1_5' title="bbox 238 2304 1158 2405">
     <span class='ocr_line' id='line_1_40' title="bbox 238 2304 1099 2343; baseline -0.001 -3"><span class='ocrx_word' id='word_1_376' title='bbox 238 2332 247 2340; x_wconf 90' lang='lat'>.</span> <span class='ocrx_word' id='word_1_377' title='bbox 272 2331 281 2340; x_wconf 92' lang='lat'><strong>.</strong></span> <span class='ocrx_word' id='word_1_378' title='bbox 305 2331 314 2340; x_wconf 88' lang='lat'><strong>.</strong></span> <span class='ocrx_word' id='word_1_379' title='bbox 350 2304 478 2339; x_wconf 88' lang='lat' dir='ltr'><strong>inter</strong></span> <span class='ocrx_word' id='word_1_380' title='bbox 499 2315 548 2339; x_wconf 92' lang='lat' dir='ltr'><strong>se</strong></span> <span class='ocrx_word' id='word_1_381' title='bbox 572 2315 698 2340; x_wconf 92' lang='lat' dir='ltr'><strong>versus</strong></span> <span class='ocrx_word' id='word_1_382' title='bbox 719 2316 762 2343; x_wconf 85' lang='lat' dir='ltr'><strong>ac</strong></span> <span class='ocrx_word' id='word_1_383' title='bbox 784 2305 895 2340; x_wconf 87' lang='lat' dir='ltr'><strong>verba</strong></span> <span class='ocrx_word' id='word_1_384' title='bbox 916 2306 1099 2339; x_wconf 82' lang='lat' dir='ltr'><strong>necessest</strong></span> 
     </span>
     <span class='ocr_line' id='line_1_41' title="bbox 238 2353 1158 2405; baseline -0.002 -13"><span class='ocrx_word' id='word_1_385' title='bbox 238 2355 429 2392; x_wconf 86' lang='lat' dir='ltr'><strong>confiteare</strong></span> <span class='ocrx_word' id='word_1_386' title='bbox 451 2353 503 2405; x_wconf 88' lang='lat' dir='ltr'><strong>(et</strong></span> <span class='ocrx_word' id='word_1_387' title='bbox 527 2367 567 2392; x_wconf 88' lang='lat' dir='ltr'><strong>re</strong></span> <span class='ocrx_word' id='word_1_388' title='bbox 592 2358 628 2392; x_wconf 88' lang='lat' dir='ltr'><strong>et</strong></span> <span class='ocrx_word' id='word_1_389' title='bbox 650 2356 766 2392; x_wconf 88' lang='lat' dir='ltr'><strong>sonitu</strong></span> <span class='ocrx_word' id='word_1_390' title='bbox 788 2356 970 2392; x_wconf 88' lang='lat' dir='ltr'><strong>distare</strong></span> <span class='ocrx_word' id='word_1_391' title='bbox 989 2353 1158 2405; x_wconf 88' lang='lat' dir='ltr'><strong>sonanti).</strong></span> 
     </span>
    </p>
   </div>
   <div class='ocr_carea' id='block_1_6' title="bbox 185 2426 1552 2628">
    <p class='ocr_par' dir='ltr' id='par_1_6' title="bbox 185 2426 1552 2628">
     <span class='ocr_line' id='line_1_42' title="bbox 185 2426 1550 2476; baseline -0.001 -11"><span class='ocrx_word' id='word_1_392' title='bbox 185 2431 227 2465; x_wconf 85' lang='lat' dir='ltr'><strong>In</strong></span> <span class='ocrx_word' id='word_1_393' title='bbox 248 2430 304 2465; x_wconf 86' lang='lat' dir='ltr'><strong>his</strong></span> <span class='ocrx_word' id='word_1_394' title='bbox 334 2439 405 2464; x_wconf 90' lang='lat' dir='ltr'><strong>non</strong></span> <span class='ocrx_word' id='word_1_395' title='bbox 432 2428 537 2464; x_wconf 92' lang='lat' dir='ltr'><strong>modo</strong></span> <span class='ocrx_word' id='word_1_396' title='bbox 562 2429 678 2476; x_wconf 85' lang='lat' dir='ltr'><strong>„inter</strong></span> <span class='ocrx_word' id='word_1_397' title='bbox 700 2439 738 2464; x_wconf 87' lang='lat' dir='ltr'><strong>se</strong></span> <span class='ocrx_word' id='word_1_398' title='bbox 762 2426 920 2464; x_wconf 88' lang='lat' dir='ltr'><strong>distare“</strong></span> <span class='ocrx_word' id='word_1_399' title='bbox 952 2430 1051 2463; x_wconf 83' lang='lat' dir='ltr'><strong>recte</strong></span> <span class='ocrx_word' id='word_1_400' title='bbox 1080 2429 1222 2475; x_wconf 82' lang='lat' dir='ltr'><strong>dicitur,</strong></span> <span class='ocrx_word' id='word_1_401' title='bbox 1256 2428 1319 2463; x_wconf 90' lang='lat' dir='ltr'><strong>sed</strong></span> <span class='ocrx_word' id='word_1_402' title='bbox 1346 2431 1550 2473; x_wconf 88' lang='lat' dir='ltr'><strong>reputemus</strong></span> 
     </span>
     <span class='ocr_line' id='line_1_43' title="bbox 185 2479 1551 2526; baseline -0.001 -10"><span class='ocrx_word' id='word_1_403' title='bbox 185 2483 297 2517; x_wconf 88' lang='lat' dir='ltr'><strong>totam</strong></span> <span class='ocrx_word' id='word_1_404' title='bbox 332 2479 530 2516; x_wconf 88' lang='lat' dir='ltr'><strong>sententiae</strong></span> <span class='ocrx_word' id='word_1_405' title='bbox 565 2479 882 2516; x_wconf 80' lang='lat' dir='ltr'><strong>conformationem</strong></span> <span class='ocrx_word' id='word_1_406' title='bbox 918 2490 997 2515; x_wconf 86' lang='lat' dir='ltr'><strong>esse</strong></span> <span class='ocrx_word' id='word_1_407' title='bbox 1032 2490 1122 2526; x_wconf 87' lang='lat' dir='ltr'><strong>eam,</strong></span> <span class='ocrx_word' id='word_1_408' title='bbox 1162 2490 1254 2525; x_wconf 86' lang='lat' dir='ltr'><strong>quae</strong></span> <span class='ocrx_word' id='word_1_409' title='bbox 1277 2480 1397 2515; x_wconf 87' lang='lat' dir='ltr'><strong>-etiam</strong></span> <span class='ocrx_word' id='word_1_410' title='bbox 1432 2480 1466 2515; x_wconf 91' lang='lat' dir='ltr'><strong>ei</strong></span> <span class='ocrx_word' id='word_1_411' title='bbox 1506 2481 1551 2515; x_wconf 92' lang='lat' dir='ltr'><strong>de</strong></span> 
     </span>
     <span class='ocr_line' id='line_1_44' title="bbox 187 2531 1552 2578; baseline 0 -10"><span class='ocrx_word' id='word_1_412' title='bbox 187 2544 257 2578; x_wconf 85' lang='lat' dir='ltr'><strong>quo</strong></span> <span class='ocrx_word' id='word_1_413' title='bbox 288 2532 427 2578; x_wconf 87' lang='lat' dir='ltr'><strong>agimus</strong></span> <span class='ocrx_word' id='word_1_414' title='bbox 455 2532 533 2567; x_wconf 89' lang='lat' dir='ltr'><strong>loco</strong></span> <span class='ocrx_word' id='word_1_415' title='bbox 564 2532 717 2567; x_wconf 85' lang='lat' dir='ltr'><strong>maxime</strong></span> <span class='ocrx_word' id='word_1_416' title='bbox 745 2531 934 2567; x_wconf 81' lang='lat' dir='ltr'><strong>convenire</strong></span> <span class='ocrx_word' id='word_1_417' title='bbox 963 2531 1114 2567; x_wconf 85' lang='lat' dir='ltr'><strong>videtur.</strong></span> <span class='ocrx_word' id='word_1_418' title='bbox 1168 2532 1295 2567; x_wconf 87' lang='lat' dir='ltr'><strong>Nonne</strong></span> <span class='ocrx_word' id='word_1_419' title='bbox 1326 2532 1438 2577; x_wconf 89' lang='lat' dir='ltr'><strong>igitur</strong></span> <span class='ocrx_word' id='word_1_420' title='bbox 1467 2531 1552 2568; x_wconf 90' lang='lat' dir='ltr'><strong>inde</strong></span> 
     </span>
     <span class='ocr_line' id='line_1_45' title="bbox 188 2583 1552 2628; baseline 0 -10"><span class='ocrx_word' id='word_1_421' title='bbox 188 2583 283 2628; x_wconf 89' lang='lat' dir='ltr'><strong>quod</strong></span> <span class='ocrx_word' id='word_1_422' title='bbox 313 2594 382 2618; x_wconf 91' lang='lat' dir='ltr'><strong>non</strong></span> <span class='ocrx_word' id='word_1_423' title='bbox 414 2587 469 2618; x_wconf 85' lang='lat' dir='ltr'><strong>est</strong></span> <span class='ocrx_word' id='word_1_424' title='bbox 499 2586 646 2628; x_wconf 87' lang='lat' dir='ltr'><strong>recepta</strong></span> <span class='ocrx_word' id='word_1_425' title='bbox 674 2594 780 2628; x_wconf 89' lang='lat' dir='ltr'><strong>quam</strong></span> <span class='ocrx_word' id='word_1_426' title='bbox 810 2583 1088 2618; x_wconf 82' lang='lat' dir='ltr'><strong>luculentissime</strong></span> <span class='ocrx_word' id='word_1_427' title='bbox 1115 2586 1266 2627; x_wconf 85' lang='lat' dir='ltr'><strong>apparet</strong></span> <span class='ocrx_word' id='word_1_428' title='bbox 1287 2593 1332 2618; x_wconf 91' lang='lat' dir='ltr'><strong>ne</strong></span> <span class='ocrx_word' id='word_1_429' title='bbox 1353 2584 1552 2628; x_wconf 87' lang='lat' dir='ltr'><strong>inspectum</strong></span> 
     </span>
    </p>
   </div>
  </div>
 </body>
</html>
