1809 3046
822 195 1028 228 —12—

321 294 337 327 I
361 293 437 328 350
460 294 613 339 dissipat
635 296 670 331 in
695 307 823 341 corpus
846 308 925 332 sese
948 297 1048 333 cibus
1070 309 1172 333 omne
1195 298 1424 343 animantum,

361 345 433 379 951
461 372 469 380 .
494 372 502 380 .
533 373 542 380 .
573 357 639 391 per
679 348 838 393 dissepta
879 349 1061 383 domorum
1097 360 1208 385 saxea
1238 360 1345 385 voces

462 398 691 444 pervolitant,
707 403 892 445 permanat
914 400 1003 435 odor
1016 400 1199 446 frigusque
1216 412 1399 447 vaposque
1418 398 1422 450 Ι
1439 400 1533 446 ignis
1549 427 1557 436 .
1575 427 1583 435 .
1601 427 1610 435 .

324 449 339 482 I
364 449 440 483 354
462 450 558 485 inter
580 456 706 496 saepta
729 455 850 487 meant
872 462 979 487 voces
1004 455 1039 487 et
1061 453 1183 488 clausa
1205 454 1388 488 domorum

462 503 728 550 transvolitant,
752 503 906 549 rigidum
928 507 1116 548 permanat
1138 504 1252 549 frigus
1274 504 1321 539 ad
1343 515 1425 540 ossa

233 551 278 587 cf.
291 553 339 587 VI
363 554 438 588 228
461 554 591 590 transit
615 582 622 590 .
654 583 661 590 .
687 583 695 591 .
720 556 875 591 validum
897 554 1030 590 fulmen
1052 566 1118 600 per
1139 560 1264 601 saepta
1283 556 1466 592 domorum

463 606 597 641 clamor
619 610 658 642 ut
679 617 721 642 ac
744 617 861 653 voces,
887 608 1017 642 transit
1038 617 1104 652 per
1125 619 1226 652 saxa,
1249 619 1313 652 per
1335 619 1420 643 aera

324 657 339 691 I
364 657 439 691 489
464 658 593 693 transit
616 685 624 694 .
651 686 658 693 .
685 685 693 693 .
717 657 849 694 fulmen
874 659 1023 705 caelum,
1046 670 1112 704 per
1134 662 1261 705 saepta
1284 660 1467 695 domorum

465 710 598 745 clamor
618 713 656 745 ut
678 721 721 745 ac
744 720 861 756 voces,
886 710 1019 745 ferrum
1044 712 1227 746 candescit
1249 712 1285 746 in
1306 711 1394 755 igni.

233 759 312 803 Qua
342 761 485 805 quidem
516 772 560 796 ex
597 762 861 806 comparatione
894 762 1003 798 nolim
1040 764 1203 798 concludi
1244 763 1412 799 similium
1452 763 1609 798 locorum

232 813 385 847 alterum
408 813 569 857 inspecto
591 814 705 848 altero
733 815 967 859 compositum
1000 826 1091 850 esse.
1137 816 1318 850 Interdum
1343 815 1434 850 enim
1457 815 1609 850 redeunt

232 874 355 899 versus
378 875 447 899 uno
471 865 526 899 vel
550 866 675 910 paucis
697 866 817 901 verbis
840 867 1064 902 commutatis
1087 868 1185 902 velut

283 917 335 950 III
358 918 430 951 701
457 918 552 961 quod
574 921 762 962 permanat
784 919 876 953 enim
900 918 1119 965 dissolvitur,
1143 919 1265 954 interit
1285 930 1372 963 ergo

358 968 431 1002 756
455 989 548 993 ——-—
572 972 729 1004 mutatur
782 991 907 994 —w
1367 982 1375 990 ·

1367 996 1376 1015 ἳ

230 1022 292 1052 aut
323 1020 449 1054 eadem
478 1021 591 1055 verba
622 1023 831 1065 repetuntur
860 1021 964 1056 aliter
997 1024 1131 1056 structa
1159 1019 1221 1068 (cf.
1245 1020 1391 1056 Lachm.
1413 1031 1537 1055 comm.
1561 1020 1606 1055 ad

232 1070 262 1105 V
288 1071 400 1106 1048.
422 1068 461 1119 9)
484 1082 515 1107 e.
539 1083 574 1117 g.

283 1123 332 1157 VI
355 1124 432 1157 200
456 1127 741 1168 quaerentesque
764 1123 857 1158 viam
882 1124 1213 1170 circumversantur,
1237 1127 1273 1159 et
1295 1124 1421 1168 ignis

453 1175 590 1210 semina
612 1176 829 1210 convolvunt
851 1185 901 1210 sc.
928 1175 1023 1210 venti

292 1226 322 1261 V
353 1226 430 1261 520
453 1229 741 1272 quaerentesque
764 1227 858 1262 viam
882 1228 1204 1263 circumversantur
1226 1230 1262 1263 et
1284 1227 1420 1272 ignes

452 1280 586 1323 passim
609 1290 676 1323 per
698 1279 789 1314 caeli
812 1280 960 1314 volvunt
982 1280 1149 1315 immania
1172 1281 1324 1326 templa3

229 1340 298 1363 non
322 1341 513 1374 numquam
536 1330 690 1375 denique
714 1331 820 1365 etiam
845 1330 979 1365 eisdem
1003 1331 1123 1366 verbis
1146 1331 1218 1366 alia
1240 1331 1338 1365 notio
1359 1331 1492 1366 subest.
1525 1332 1605 1366 Non

230 1381 310 1416 dico
334 1381 379 1416 de
407 1382 557 1427 singulis
581 1383 748 1429 vocibus,
787 1393 879 1427 quae
908 1383 1055 1417 consilio
1083 1382 1236 1427 quodam
1260 1382 1402 1417 diversa
1427 1382 1604 1427 significa-

229 1433 326 1467 tione
349 1437 529 1477 ponuntur
561 1431 622 1481 (cf.
644 1434 826 1469 Vahlenus
848 1434 884 1468 in
907 1434 980 1469 ind.
1004 1435 1086 1469 lect.
1110 1435 1229 1469 Berol.
1256 1435 1367 1469 1881.
1392 1436 1413 1468 2
1437 1445 1520 1478 pag.
1554 1433 1603 1482 7),

228 1494 344 1529 neque
368 1491 490 1521 omnes
513 1486 704 1521 verborum
727 1486 945 1533 complexus,
970 1485 1099 1531 quibus
1121 1486 1200 1521 aliis
1223 1486 1311 1521 locis
1334 1485 1405 1520 alia
1434 1486 1606 1521 subicitur

229 1538 417 1584 sententia,
443 1539 545 1583 quasi
560 1538 705 1574 auribus
721 1542 828 1583 atque
844 1539 923 1584 ipso
946 1538 1063 1574 sonitu
1079 1539 1372 1585 continebantur;
1396 1539 1494 1574 casui
1510 1539 1603 1574 enim

229 1589 381 1623 debetur
404 1601 435 1624 e.
460 1601 495 1633 g.
519 1590 578 1625 hic
601 1591 790 1625 verborum
815 1593 1026 1625 concentus:

280 1640 315 1674 II
357 1641 434 1675 890
456 1641 595 1686 lapides
619 1668 627 1677 .
653 1668 661 1677 .
686 1668 694 1676 .
719 1644 901 1686 nequeunt
923 1641 1069 1676 vitalem
1090 1640 1285 1677 reddere
1306 1652 1410 1677 sens
1422 1652 1487 1676 um

459 1694 483 1729 i.
507 1705 539 1730 c.
564 1694 673 1729 vitam
697 1694 839 1729 efficere

225 1745 431 1779 et111006
456 1745 494 1779 fit
529 1749 569 1780 ut
608 1756 666 1780 res
704 1772 712 1780 .
744 1772 752 1780 .
783 1772 791 1780 .
837 1746 982 1790 capiant
1014 1757 1181 1781 sensus
1213 1750 1248 1780 ct
1278 1748 1411 1791 puncto
1444 1749 1604 1790 tempore

459 1797 665 1832 reddant
686 1798 709 1832 i.
735 1808 765 1832 e.
788 1798 956 1842 perdant.

228 1848 299 1883 Sed
329 1847 442 1892 sffler
470 1850 500 1884 V
524 1850 612 1896 488,
649 1851 698 1885 VI
729 1850 816 1896 405,
856 1851 904 1885 VI
938 1851 1036 1884 1142
1066 1850 1104 1885 in
1133 1861 1258 1885 versus
1289 1850 1386 1885 exitu
1418 1861 1603 1896 „campos-

228 1910 297 1944 que
326 1899 508 1935 natantis“
550 1901 815 1946 intellegendae
844 1904 926 1936 sunt
959 1900 1138 1947 „undae“‚
1171 1902 1280 1937 semel
1308 1902 1356 1936 VI
1379 1902 1453 1935 267
1484 1913 1602 1948 „cam-

227 1962 365 1997 posque
401 1951 550 1989 natare“
597 1952 844 1999 significantur
881 1953 1022 2000 „campi
1057 1951 1264 1999 inundati“,
1310 1954 1367 1989 vel
1404 1953 1434 1989 si
1462 1954 1496 1988 II
1527 1954 1601 1989 863

229 2004 486 2049 „fundamenta
517 2006 645 2049 quibus
675 2005 809 2040 nitatur
839 2017 976 2040 summa
1006 2003 1156 2040 salutis“
1191 2005 1356 2040 dicuntur
1382 2006 1603 2051 „primordia

227 2054 393 2102 rerum“,
424 2057 474 2091 IV
500 2057 574 2090 506
598 2060 736 2091 autem:
774 2056 1033 2102 „fundamenta
1063 2057 1191 2101 quibus
1221 2057 1363 2091 nixatur
1395 2057 1469 2091 vita
1491 2058 1602 2092 salus-

229 2106 324 2151 que“
348 2118 427 2143 eum
450 2108 522 2143 alia
551 2108 696 2143 vivendi
728 2108 906 2153 principia
935 2111 1008 2143 tum
1040 2107 1153 2155 „fides
1184 2107 1375 2144 sensuum“
1409 2105 1469 2157 (cf.
1493 2119 1554 2154 pg.
1580 2109 1601 2143 5

228 2160 280 2193 III
314 2159 411 2206 325,
453 2161 485 2195 V
509 2160 584 2194 554
617 2164 653 2195 et
682 2160 732 2194 VI
756 2160 851 2206 775,
887 2161 936 2195 VI
959 2157 1068 2209 990):
1100 2171 1170 2195 non
1199 2160 1341 2196 videtur
1367 2160 1603 2206 improbabile

229 2213 372 2255 poetam
400 2212 436 2246 in
461 2212 652 2247 eorundem
675 2213 866 2247 verborum
889 2223 989 2247 usum
1012 2212 1194 2259 recidere,
1227 2212 1311 2258 quia
1341 2223 1449 2248 sonus
1473 2215 1508 2248 et
1539 2224 1602 2248 nu-

228 2274 347 2299 merus
369 2275 490 2300 eorum
513 2265 549 2300 in
571 2268 689 2301 mente
709 2263 918 2300 haerebant.

334 2317 454 2352 Etiam
485 2318 640 2353 maiores
668 2328 834 2352 versuum
867 2318 977 2352 series
1005 2317 1209 2352 Lucretium
1237 2317 1408 2352 memoria
1444 2318 1603 2354 tenuisse

230 2368 315 2412 quid
338 2369 480 2403 omnino
503 2370 650 2416 mirum,
686 2380 764 2403 cum
789 2369 866 2404 dies
890 2372 925 2404 et
947 2371 1070 2404 noctes
1093 2369 1294 2405 elaboranti
1316 2369 1457 2404 facilius
1479 2369 1602 2405 inhae—

230 2424 373 2455 rescant
394 2422 607 2465 praesertim
637 2433 680 2456 ea
712 2432 803 2465 quae
827 2432 1052 2455 numerorum
1075 2421 1215 2455 vinculo
1238 2420 1476 2456 cohibentur?
1529 2423 1602 2456 Iam

232 2472 261 2506 si
287 2473 365 2516 quis
389 2484 431 2508 eo
454 2473 637 2518 confugiat
659 2476 698 2508 ut
722 2483 782 2508 eos
805 2474 930 2508 saltem
962 2474 1080 2519 locos,
1119 2484 1208 2517 quos
1231 2484 1275 2508 ex
1302 2473 1382 2508 aliis
1405 2474 1603 2518 exscriptos

233 2534 312 2559 esse
334 2525 528 2560 verisimile
557 2528 632 2572 est,
672 2525 920 2570 interpolatori
950 2525 1158 2560 tribuendos
1176 2533 1267 2561 ‘esse
1299 2525 1491 2560 contendat
1522 2536 1602 2570 pro-

233 2579 359 2621 pterea
382 2576 476 2623 quod
499 2577 562 2613 illa
584 2588 694 2624 opera
715 2576 867 2624 indigna=
888 2577 933 2612 sit
954 2580 1081 2625 poeta:
1105 2577 1136 2612 is
1159 2577 1227 2613 nisi
1246 2576 1351 2615 fallor
1368 2588 1438 2614 non
1457 2577 1602 2617 rationi-
