1809 3046
799 209 1004 243 -13-

218 308 283 347 bus
314 312 446 347 nitatur
477 314 512 347 et
534 312 746 347 concludere
769 315 947 357 vereatur,
971 311 1067 356 quod
1088 312 1158 347 iam
1181 323 1251 347 non
1274 311 1358 347 licet
1379 311 1584 355 repudiare.

216 363 309 398 Nam
339 364 369 398 si
398 366 505 408 poeta
534 363 704 409 formam,
741 374 812 408 qua
841 365 951 399 semel
982 364 1193 398 sententiam
1226 363 1406 408 concepit,
1440 363 1484 397 de
1512 373 1583 397 me-

216 415 329 450 moria
350 418 515 460 repetere
536 426 608 450 non
632 415 817 462 dubitavit,
853 426 897 451 ne
929 426 948 450 e
983 414 1114 450 chartis
1143 415 1285 460 quidem
1315 426 1394 450 eam
1420 417 1583 459 repetere

217 467 414 502 censendus
450 470 505 503 est
541 467 741 514 dubitasse3
776 478 848 502 non
880 478 950 512 quo
982 470 1123 502 secutus
1159 468 1205 502 sit
1237 467 1485 512 repetitiones,
1519 467 1582 501 sed

217 528 279 553 eas
309 529 380 553 non
410 519 549 554 vitavit.
583 538 634 543 —
663 518 766 562 Quod
798 519 829 554 si
858 521 957 554 recte
986 519 1202 563 disputatum
1225 522 1299 564 est,
1332 529 1401 552 non
1434 518 1517 552 licet
1539 528 1584 552 ex

217 569 269 605 eis
291 570 457 606 iudicium
479 573 603 615 petere
626 570 670 606 de
693 570 770 606 arte
786 573 822 606 et
838 570 983 616 ingenio
1004 573 1146 616 poetae,
1170 581 1263 615 quae
1282 569 1425 615 quidem
1439 570 1583 605 aliunde

216 622 305 656 satis
326 626 596 666 pernoscuntur.
650 622 742 657 Num
777 633 862 657 vero
892 623 928 657 in
951 622 1164 667 expoliendo
1196 622 1350 657 carmine
1383 625 1491 665 poeta
1521 632 1583 656 eas

216 676 414 709 remoturus
441 673 548 709 fuerit
578 674 758 719 inquirere
789 685 858 709 non
882 678 936 709 est
958 674 1061 709 huius
1085 674 1165 709 loci.
1228 674 1355 718 Neque
1381 673 1474 708 enim
1497 672 1583 717 quid

216 725 276 760 ille
299 724 456 761 facturus
478 725 585 761 fuerit
606 726 675 761 iam
696 726 889 773 quaeritur,
912 727 975 761 sed
996 725 1082 771 quid
1101 725 1227 761 fecerit
1246 726 1281 760 in
1302 725 1458 760 carmine
1478 726 1582 769 quale

216 777 386 812 traditum
409 780 474 813 est.

320 838 494 882 Quoniam
526 840 756 884 repetitiones
784 840 1009 875 necessariae
1040 843 1101 875 aut
1137 843 1263 884 aptae,
1298 838 1438 874 etiamsi
1469 837 1583 874 forma

216 890 356 926 laborat
379 891 642 939 offensionibus,
674 892 910 927 Lucretianae
934 892 1035 927 nobis
1058 891 1224 926 videntur
1255 901 1356 937 esse,
1388 890 1581 935 interpola-

215 943 322 978 tionis
344 944 476 979 indicia
497 945 594 979 nulla
616 947 805 988 supersunt
827 944 895 978 nisi
918 944 1047 988 quibus
1069 943 1163 988 apud
1187 943 1348 988 quemvis
1370 943 1581 988 scriptorem

215 994 450 1039 interpolator
471 995 690 1039 deprehendi
713 996 814 1030 solet.
869 995 947 1037 Quo
971 996 1015 1029 de
1038 1005 1170 1039 genere
1193 998 1274 1029 sunt
1308 995 1461 1029 maxime
1486 994 1581 1038 quod

214 1046 414 1080 sententiae
434 1066 482 1070 —
503 1047 669 1090 quoniam
684 1046 835 1080 iteratae
850 1057 872 1080 a
894 1048 1011 1080 mente
1034 1049 1162 1089 poetae
1185 1056 1254 1080 non
1273 1056 1420 1089 prorsus
1442 1045 1580 1080 alienae

213 1107 293 1132 esse
315 1100 465 1142 possunt
488 1118 536 1122 —
562 1109 584 1132 a
606 1097 788 1142 proposito
811 1096 1006 1132 abhorrent
1036 1100 1071 1132 et
1106 1096 1379 1132 inconstantiam
1403 1096 1579 1140 quandam

213 1148 419 1192 patefacere
441 1149 627 1195 videntur,
660 1151 721 1183 aut
758 1149 852 1193 quod
875 1149 1075 1183 simillimae
1099 1149 1236 1183 vicinae
1259 1151 1361 1194 sunt,
1398 1152 1436 1183 ut
1467 1149 1581 1182 altera

213 1200 318 1234 alteri
354 1210 433 1234 eam
467 1200 579 1245 ipsam
616 1200 660 1235 ob
696 1211 839 1234 causam
874 1200 1032 1244 ascripta
1066 1199 1233 1235 videatur
1263 1210 1354 1235 esse.
1423 1199 1580 1242 Quarum

214 1251 355 1296 quidem
408 1252 503 1287 haud
552 1263 688 1296 paucae
740 1263 786 1287 ne
837 1252 885 1287 ad
937 1254 1148 1287 structuram
1198 1251 1340 1297 quidem
1387 1251 1580 1296 adaptatae

213 1307 315 1349 sunt,
351 1307 390 1338 ut
420 1305 536 1349 magis
564 1315 683 1340 errore
715 1314 777 1339 eas
809 1304 956 1348 illapsas
987 1315 1092 1348 quam
1126 1305 1273 1339 consilio
1308 1304 1463 1339 insertas
1498 1314 1579 1339 esse

212 1355 398 1399 probabile
426 1356 484 1390 sit.

315 1418 573 1464 Fundamenta,
598 1428 690 1462 quae
709 1416 936 1452 confirmasse
951 1417 1053 1452 nobis
1069 1417 1241 1464 videmur,
1266 1420 1347 1453 sunt
1361 1417 1436 1452 fere
1452 1416 1577 1453 eadem

214 1479 305 1512 quae
330 1468 475 1503 Lachm.
506 1469 572 1504 sibi
596 1469 726 1513 posuit.
780 1469 907 1512 Itaque
939 1469 1192 1514 repetitiones,
1225 1480 1314 1513 quas
1345 1470 1404 1503 ille
1435 1470 1482 1503 ad
1512 1470 1577 1504 has

212 1530 353 1555 normas
385 1519 552 1555 redactas
582 1523 679 1556 recte
709 1519 875 1566 seclusit,
907 1520 1153 1564 praetermitto
1177 1530 1310 1565 easque
1332 1520 1460 1555 afferre
1491 1521 1578 1555 satis

211 1572 339 1620 habeo,
363 1573 407 1608 de
431 1573 559 1617 quibus
582 1573 614 1608 ei
636 1584 706 1608 non
728 1572 871 1608 videtur
892 1572 1158 1608 assentiendum
1186 1584 1276 1609 esse.

262 1634 624 1730 terYi'fichlffllztum
654 1684 856 1729 quatientes
885 1684 1040 1730 undique
1072 1685 1198 1720 cristas

210 1738 398 1772 :11632
415 1735 580 1785 (momine
596 1734 738 1786 cristas)
761 1738 806 1773 ab
829 1736 909 1772 aliis
932 1737 1002 1772 iam
1025 1737 1112 1773 satis
1132 1737 1300 1773 defensus
1323 1741 1389 1774 est.
1418 1737 1463 1774 cf.
1480 1739 1575 1774 Neu-

209 1799 358 1824 mannus
380 1790 403 1823 l.
419 1789 442 1823 l.
467 1789 528 1824 30.
546 1790 608 1824 31.

311 1851 354 1887 V.
386 1852 417 1887 V
443 1850 540 1886 1345
564 1865 613 1882 Ξ
637 1851 668 1887 V
691 1850 765 1886 528

260 1903 297 1937 in
315 1904 425 1938 variis
448 1904 588 1938 mundis
609 1904 711 1938 varia
731 1904 869 1938 ratione
892 1903 1023 1938 creatis

208 1957 245 1989 81
280 1958 467 1999 utrumque
503 1955 657 1989 vicinum
692 1955 897 1990 retinendos
932 1965 1011 1990 esse
1043 1954 1225 1990 Vahlenus
1254 1955 1409 1990 ostendit
1440 1956 1513 1991 ind.
1551 1958 1573 1992 l.

310 2059 353 2094 V.
382 2059 431 2093 VI
454 2060 541 2094 228.
565 2060 586 2093 9
611 2073 660 2089 z
688 2059 705 2092 I
730 2059 817 2092 489.
842 2059 891 2092 90

610 2120 676 2155 per
696 2112 800 2154 septa
822 2108 1002 2145 domorum

259 2161 393 2196 clamor
413 2164 452 2197 ut
471 2173 513 2197 ac
535 2172 642 2197 voces

207 2215 243 2247 81
264 2224 298 2248 v.
321 2213 371 2248 VI
393 2213 467 2248 933
494 2226 539 2243 τ·-
564 2214 614 2249 IV
633 2214 706 2248 229

259 2275 406 2301 cernere
428 2266 571 2301 odorari
592 2265 677 2301 licet
703 2268 740 2301 et
762 2264 893 2300 sentire
921 2274 1058 2311 sonare,

207 2328 295 2362 quos
316 2317 464 2353 Lachm.
486 2329 556 2353 non
595 2319 709 2354 altero
732 2318 810 2353 loco
833 2317 896 2353 sed
918 2321 1069 2361 utroque
1090 2327 1155 2361 pro
1178 2318 1353 2362 suspectis
1375 2317 1498 2355 habuit
1522 2320 1574 2356 ita

206 2372 244 2404 ut
266 2368 359 2404 hunc
380 2373 532 2414 utroque
555 2370 699 2417 eiceret,
722 2370 821 2405 illum
843 2370 880 2404 111
902 2371 926 2404 l.
949 2370 965 2403 Ι
989 2372 1241 2404 commutaret:
1274 2371 1434 2416 „clamor
1464 2372 1496 2406 it
1531 2383 1574 2407 ac

205 2419 350 2468 voces“,
373 2422 498 2457 Munro
521 2424 619 2458 recte
641 2432 787 2457 servare
800 2421 896 2456 'mihi
918 2421 1073 2456 videtur.

309 2485 376 2520 Vv.
399 2484 448 2519 VI
472 2483 533 2519 56.
559 2485 579 2519 7
605 2497 652 2514 z
678 2484 739 2519 90.
766 2485 784 2518 1
811 2492 858 2514 ’.τ-
880 2483 898 2517 Ι
922 2482 1007 2518 153.
1031 2483 1055 2516 4

258 2547 407 2581 quorum
429 2547 574 2581 operum
602 2546 729 2571 causas
752 2536 848 2571 nulla
869 2535 1017 2571 ratione
1032 2533 1156 2569 videre

230 2618 233 2621 Δ
257 2591 407 2633 possunt
429 2599 472 2623 ac
493 2587 570 2623 fieri
593 2588 714 2623 divino
737 2587 879 2622 numine
902 2589 1026 2622 rentur
