1809 3046
873 185 1079 221 -45—

285 284 372 321 hoc:
398 288 531 333 „atque
554 286 770 333 principium
793 288 877 325 hinc
898 288 1058 334 petam“.
1109 290 1235 335 Itaque
1257 290 1425 336 quoniam
1448 289 1662 325 offensiones

286 349 357 374 non
378 340 533 385 exstant,
557 350 682 376 versus
704 341 852 377 retineri
874 352 1072 378 censemus.

440 400 678 444 Excipiuntur
700 402 753 438 eis

390 462 450 487 vv.
472 451 508 487 11
530 451 685 489 55—58
709 469 759 486 z
781 455 834 491 111
856 455 1011 491 87-90
1035 467 1083 485 =
1107 455 1156 491 VI
1178 455 1333 491 35—38

338 526 420 549 nam
442 515 554 550 veluti
578 517 682 561 pueri
703 518 888 563 trepidant
908 520 1018 563 atque
1041 518 1160 553 omnia
1182 519 1301 554 caecis

338 566 375 600 in
397 567 560 605 tenebris
582 570 757 617 metuunt,
781 569 832 605 sic
853 580 919 605 nos
937 569 975 605 in
996 570 1078 606 luce
1097 569 1263 606 timemus

337 618 518 655 interdum
539 620 613 657 nilo
636 632 728 667 quae
751 625 833 659 sunt
855 622 1048 659 metuenda
1069 623 1186 668 magis
1209 633 1315 668 quam

339 682 433 715 quae
455 674 559 717 pueri
581 674 618 708 in
641 675 801 710 tenebris
823 674 987 719 pavitant
999 674 1208 719 finguntque
1230 674 1362 710 futura.

339 723 445 759 Hunc
466 724 578 768 igitur
598 727 771 761 terrorem
794 729 877 761 cett.

498 772 585 824 (Gn.
612 778 658 812 19
682 788 749 824 sq.,
779 771 846 813 To'.
871 778 958 825 545,
987 778 1048 813 Br.
1072 775 1177 827 202).

286 836 417 871 Totam
449 836 542 872 hanc
571 839 855 883 complexionem
878 839 947 875 Gn.
970 839 1190 875 assentiente
1211 838 1344 874 Tohtio
1375 839 1411 874 in
1438 839 1476 874 ll.
1499 839 1535 874 Π
1556 841 1592 874 01
1612 839 1665 873 III

287 888 471 924 eliminare
503 889 637 925 studet.
703 891 746 926 V.
779 891 814 926 11
844 891 893 925 55
925 891 977 926 ait
1004 901 1097 936 quae
1126 890 1306 936 particula
1330 889 1463 938 ,‚nam“
1493 890 1664 926 inducan-

286 943 346 975 tur
368 951 439 975 non
459 940 670 977 confirmare
693 943 957 990 antecedentia,
981 943 1047 978 sed
1070 943 1122 978 eis
1137 953 1216 978 esse
1239 942 1506 987 consequentia.
1528 941 1578 977 At
1600 943 1667 978 etsi

286 1003 358 1027 non
381 992 539 1028 nascitur
561 1004 607 1028 ex
628 994 756 1029 timore
775 994 994 1041 ignorantia,
1017 997 1151 1042 tamen,
1176 994 1345 1040 quoniam
1358 993 1453 1029 illius
1467 1004 1577 1029 causa
1599 996 1666 1040 est,

288 1054 333 1079 ex
356 1054 400 1079 eo
423 1045 652 1090 cognoscitur
673 1046 763 1094 sive,
786 1047 824 1082 id
847 1047 944 1092 quod
965 1046 1060 1083 idem
1082 1048 1191 1094 valet,
1213 1046 1322 1082 timor
1341 1045 1477 1082 indicat
1497 1045 1665 1092 ignoran-

288 1096 376 1131 tiam
398 1093 550 1144 (Furcht
577 1098 729 1133 beweist
750 1098 1034 1145 Unwissenheit,
1065 1099 1147 1133 weil
1175 1099 1227 1133 sie
1258 1099 1389 1133 daraus
1417 1095 1665 1145 hervorgeht).

287 1148 364 1182 Iam
403 1147 657 1193 interpretatio
693 1152 821 1194 aperta
856 1152 931 1185 est:
977 1150 1185 1195 Religiones
1219 1149 1307 1195 pelli
1341 1152 1524 1194 nequeunt
1556 1149 1665 1185 armis

288 1199 415 1244 opibus
430 1196 637 1249 (37m42);
662 1201 791 1245 quodsi
813 1201 864 1236 ita
885 1201 972 1246 pelli
993 1205 1177 1246 nequeunt
1199 1198 1398 1249 (43—46)‚
1422 1201 1509 1245 quid
1523 1201 1665 1236 dubitas

287 1251 374 1295 quin
397 1251 537 1287 ratione
562 1252 702 1296 possint
723 1252 800 1288 sive
824 1252 909 1297 quin
931 1252 1022 1288 haec
1052 1252 1100 1288 sit
1122 1252 1272 1288 rationis
1295 1255 1441 1298 egestas
1468 1248 1530 1301 (ef.
1551 1253 1664 1287 Hoer-

286 1302 562 1351 schelmannus,
597 1307 668 1341 aet.
692 1315 765 1341 soc.
788 1304 877 1350 phil.
900 1305 1001 1351 Lips.
1025 1305 1056 1341 V
1078 1316 1139 1350 pg.
1164 1302 1258 1354 29)?
1312 1304 1436 1341 Omnis
1465 1305 1558 1340 enim
1590 1305 1665 1340 vita

286 1355 427 1390 laborat
440 1356 478 1390 in
492 1357 652 1392 tenebris
675 1353 911 1404 (ignorantia)
934 1354 1121 1405 (47—54)
1143 1368 1225 1391 nam
1252 1377 1295 1381 —-
1320 1357 1344 1391 i.
1370 1367 1402 1391 e.
1424 1356 1492 1391 11οο
1514 1360 1666 1400 apparet

285 1406 369 1440 inde
400 1407 497 1451 quod
531 1428 575 1431 —
607 1411 648 1442 ut
675 1408 778 1452 pueri
802 1434 810 1442 .
838 1434 846 1442 .
871 1434 879 1442 .
905 1407 1082 1443 interdum
1109 1407 1274 1443 timemus
1297 1407 1423 1452 quae.
1448 1433 1457 1442 .
1482 1433 1490 1442 .
1527 1407 1568 1442 In
1595 1407 1664 1443 hac

286 1456 555 1503 confirmatione
591 1460 762 1507 „omnis
798 1459 875 1495 vita
909 1460 1068 1507 laborat,
1108 1471 1191 1495 nam
1231 1459 1465 1495 interdum
1500 1459 1663 1495 timemus

286 1509 404 1554 quae“
427 1521 498 1545 non
524 1511 704 1558 offendes,
743 1511 933 1546 dummodo
965 1522 1090 1546 vocem
1123 1510 1351 1558 „interdum“
1383 1513 1482 1546 recte
1510 1511 1662 1556 iungas:

285 1561 476 1608 „timemus
507 1573 601 1608 quae
632 1562 810 1599 interdum
840 1574 912 1598 non
944 1562 1060 1608 magis
1090 1561 1283 1598 metuenda
1320 1565 1401 1598 sunt
1432 1573 1537 1609 quam
1570 1574 1662 1608 quae

284 1614 387 1659 pueri
418 1614 609 1660 pavitant“
639 1616 662 1651 i.
696 1627 727 1652 e.
766 1616 931 1652 timemus
966 1615 1146 1654 interdum
1180 1627 1287 1652 vana.
1331 1615 1383 1652 810
1410 1616 1427 1650 I
1458 1616 1546 1651 817.
1579 1616 1601 1650 8
1629 1628 1664 1651 v.

337 1693 345 1701 .
376 1667 426 1701 20
448 1678 464 1702 s
493 1694 502 1702 .

283 1677 357 1764 pge
368 1728 421 1764 ad
432 1677 495 1766 enll
517 1730 639 1776 magni
662 1728 774 1766 refert
794 1729 990 1776 primordia
1011 1740 1028 1765 s
1039 1741 1062 1766 a
1072 1740 1091 1765 e
1101 1741 1124 1775 p
1135 1740 1154 1765 e

336 1792 416 1817 cum
439 1782 569 1826 quibus
592 1785 629 1818 et
648 1783 746 1827 quali
768 1783 931 1827 positura
953 1783 1215 1818 contineantur.

348 1843 383 1877 Π
433 1844 509 1878 954
531 1855 586 1888 811.
610 1844 671 1879 fit
701 1855 843 1890 quoque
874 1844 942 1879 uti
978 1844 1168 1879 soleant
1197 1843 1347 1878 minus
1379 1843 1499 1879 oblato
1535 1844 1659 1878 acri-

1493 1898 1509 1931 t
1518 1906 1537 1931 e
1548 1907 1566 1931 r
1587 1896 1660 1931 ictu

606 1948 736 1993 reliqiii
768 1951 884 1984 motus
911 1948 1033 1995 vitalis
1054 1948 1100 1983 vi
1110 1960 1133 1983 n
1141 1958 1160 1983 0
1170 1958 1216 1983 er
1226 1958 1245 1983 e
1268 1958 1314 1982 sa
1323 1958 1374 1992 ep
1386 1958 1416 1982 e.

338 1999 387 2035 IV
413 2000 513 2035 1218
533 2010 588 2045 sq.
612 1999 652 2035 fit
674 2011 816 2046 quoque
837 2002 878 2035 ut
899 1999 1124 2035 interdum
1146 1999 1278 2035 similes
1300 1999 1454 2035 existere
1476 2011 1530 2035 av
1540 2010 1658 2035 orum

605 2053 744 2098 possint
774 2054 811 2088 et
840 2051 998 2088 referant
1036 2063 1060 2098 p
1068 2063 1087 2087 r
1096 2063 1117 2088 o
1127 2063 1150 2088 a
1158 2063 1182 2087 v
1193 2063 1214 2087 0
1223 2063 1242 2087 r
1251 2063 1274 2087 u
1285 2062 1319 2087 111
1351 2062 1397 2087 sa
1407 2062 1427 2087 e
1437 2063 1460 2097 p
1470 2063 1490 2088 e
1526 2051 1658 2097 figuras

354 2106 385 2140 V
411 2105 508 2139 1231
529 2115 584 2149 sq.
1003 2104 1161 2139 violento
1183 2104 1326 2140 turbine
1348 2115 1366 2139 s
1376 2115 1398 2138 a
1407 2114 1486 2148 epe

607 2158 795 2201 correptus
817 2156 910 2191 nilo
933 2155 1046 2191 fertur
1063 2166 1102 2190 m
1111 2155 1123 2190 i
1133 2166 1157 2190 n
1167 2165 1215 2190 us
1237 2155 1284 2191 ad
1305 2155 1402 2190 vada
1422 2156 1486 2190 leti

336 2209 385 2244 VI
438 2209 512 2243 130
535 2219 589 2253 sq.
608 2218 676 2243 1100
700 2209 839 2255 mirum,
863 2219 941 2243 cum
962 2208 1070 2253 plena
1091 2207 1232 2243 animae
1254 2207 1439 2243 vensicula
1459 2218 1573 2252 parva

605 2271 622 2295 s
633 2272 655 2295 a
665 2271 684 2295 e
693 2272 716 2305 p
727 2271 746 2296 e
762 2261 823 2296 det
838 2259 942 2295 haut
956 2271 980 2304 p
989 2271 1010 2294 a
1018 2270 1037 2294 r
1046 2271 1069 2294 v
1078 2271 1146 2294 11111
1158 2259 1311 2294 sonitum
1323 2259 1482 2304 displosa
1494 2262 1656 2304 repente.

338 2313 386 2347 VI
435 2313 510 2347 489
532 2323 587 2358 811.
609 2311 698 2348 hant
722 2339 730 2348 .
756 2339 765 2348 .
789 2339 798 2348 .
820 2312 993 2359 mirumst,
1016 2311 1047 2346 si
1068 2322 1178 2356 parv
1189 2321 1209 2346 o
1231 2313 1392 2357 tempore
1416 2322 1552 2357 saepe
1567 2331 1569 2333 ·

607 2368 690 2400 tam
718 2376 842 2409 magn
851 2365 888 2400 is
910 2364 1040 2399 nimbis
1062 2365 1259 2408 tempestas
1282 2366 1391 2408 atque
1411 2364 1583 2399 tenebrae

607 2416 794 2461 coperiant
815 2416 929 2452 maria
952 2442 961 2450 .
986 2442 994 2451 .
1019 2442 1028 2450 .

338 2468 386 2505 VI
441 2468 515 2504 639
539 2479 592 2514 sq.
617 2479 711 2504 nunc
733 2468 826 2504 ratio
849 2478 941 2514 quae
964 2467 1029 2515 sit,
1067 2478 1133 2513 per
1161 2465 1284 2503 fauces
1305 2466 1437 2503 montis
1458 2470 1498 2503 ut
1518 2465 1657 2503 Aetnae

611 2521 777 2567 expirent
797 2521 902 2567 ignes
923 2521 1162 2557 interdum
1182 2519 1371 2556 turbine
1392 2522 1545 2567 tanto,

611 2573 812 2620 expediam.
