1809 3046
807 206 1013 256 -39†

228 308 380 345 Versum
414 309 432 343 I
466 309 541 343 429
576 308 769 354 genuinum
811 319 892 345 esse
935 308 1161 344 consentiunt
1203 320 1345 357 omnes,
1391 311 1476 345 item
1519 310 1596 345 fere

229 371 352 396 omnes
372 372 407 396 v.
430 360 542 396 1531
567 372 647 397 esse
668 360 872 397 insiticium.
917 360 1059 397 Nimiae
1082 361 1174 396 enim
1196 363 1418 407 garrulitatis
1441 374 1521 399 esse
1544 363 1595 397 ait

168 413 173 420 ⁴
229 412 531 457 Stuerenburgius
561 416 631 448 act.
662 423 735 448 soc.
762 413 849 458 phil.
862 413 981 458 'Lips.
1004 413 1040 447 Π
1069 413 1145 447 428
1176 417 1319 458 poetam
1349 414 1437 449 illud
1466 415 1593 460 ipsum,

229 464 325 509 quod
345 465 452 509 paulo
483 474 592 510 snpra
613 464 683 500 iam
714 476 754 501 se
783 465 982 502 ostendisse
1011 463 1239 512 profiteatur,
1271 477 1342 501 non
1371 466 1408 501 in
1439 469 1594 501 mentem

227 516 420 551 lectoribus
441 527 631 552 revocasse
653 518 740 553 satis
761 517 915 564 habere,
940 518 1005 553 sed
1026 527 1085 552 vv.
1109 516 1184 551 532
1209 528 1288 562 sqq.
1312 518 1414 562 quasi
1438 518 1482 553 de
1505 518 1593 553 inte-

228 578 294 613 gro
324 578 526 614 exponere;
562 571 750 614 praeterea
779 580 824 605 ne
854 569 1009 604 inveniri
1042 568 1186 613 quidem
1221 568 1258 603 id
1288 569 1384 613 quod
1419 581 1458 605 se
1488 572 1596 604 antea

228 620 429 656 ostendisse
451 620 559 656 dicat.
595 620 644 657 At
666 621 697 657 si
718 632 845 658 versus
864 621 925 658 ille
946 621 1101 658 refertur
1123 619 1171 656 ad
1192 632 1299 656 unum
1322 621 1593 658 antecedentem

228 669 356 722 (530),
374 673 440 708 'ita
465 672 618 709 fortasse
649 674 825 719 quispiam
854 685 934 709 eum
957 674 1128 718 explicet:
1160 674 1226 708 Vv.
1252 674 1430 708 222—25
1461 675 1593 710 nnllam

228 734 304 760 rem
338 724 513 770 probatur
539 724 687 761 interire
716 734 823 770 posse
853 725 921 760 nisi
956 728 1018 761 aut
1051 725 1209 761 externis
1244 725 1361 770 plagis
1395 726 1503 761 ictam
1534 728 1595 760 aut

227 776 369 822 penitus
390 779 626 822 penetratam.
681 777 718 813 Si
749 778 846 813 nulla
876 789 953 826 res,
984 789 1029 813 ne
1059 777 1256 822 primordia
1287 777 1442 823 quidem.
1497 777 1594 823 Ergo

228 828 332 863 huius
353 829 423 863 loci
446 829 624 864 sententia
644 830 759 874 possit
781 840 860 865 esse
881 830 988 864 haec:
1021 829 1222 864 Primordia
1243 840 1360 874 neque
1383 830 1501 874 plagis
1523 830 1595 863 icta

227 890 343 926 neque
364 883 552 926 penetrata
572 881 687 917 retexi
708 883 857 927 possunt
875 902 917 907 —-
934 891 1001 917 nec
1014 880 1085 917 alia
1103 880 1241 917 ratione
1265 884 1399 926 queunt
1420 884 1594 927 temptata

188 952 193 957 ·
226 933 370 980 labare,
400 936 438 969 ut
464 945 574 978 supra
596 934 737 969 ostendi
759 945 808 970 sc.
841 934 1007 979 quoniam
1030 934 1136 969 tertia
1168 934 1269 969 exitii
1292 934 1383 968 ratio
1406 934 1505 969 nulla
1527 937 1593 969 est.

227 984 299 1020 Sed
334 987 373 1020 ut
407 987 545 1020 constet
578 984 668 1020 haec
702 985 961 1031 interpretatio,
998 985 1112 1019 oratio
1146 985 1183 1019 in
1219 984 1313 1019 hunc
1345 984 1421 1020 fere
1450 985 1593 1020 modum

227 1036 469 1072 continuanda
491 1039 564 1073 est:
588 1040 627 1073 at
648 1048 694 1073 ne
715 1034 786 1073 illis
806 1035 950 1082 quidem
969 1036 1165 1072 rationibus
1185 1036 1297 1072 deleri
1310 1039 1459 1082 possunt
1474 1037 1592 1084 prim„

226 1100 308 1124 nam
329 1100 447 1133 neque
470 1089 601 1124 conlidi
624 1092 728 1135 cett.;
761 1089 856 1133 quod
880 1089 1047 1133 quoniam
1067 1099 1139 1123 non
1165 1088 1221 1134 fit,
1253 1100 1329 1124 rem
1348 1089 1401 1124 ita
1422 1089 1593 1133 expedire

224 1140 364 1174 malim:
389 1140 413 1174 1.
438 1151 468 1174 c.
493 1136 525 1188 (I
540 1141 614 1174 222
631 1138 727 1188 sqq.)
751 1140 937 1175 materiam
958 1142 1140 1174 aeternam
1162 1149 1242 1174 esse
1264 1149 1306 1174 eo
1330 1140 1595 1174 demonstratur

225 1191 321 1237 quod
343 1192 441 1228 nulla
464 1202 523 1227 res
546 1202 565 1227 e
588 1191 698 1227 nihilo
722 1191 808 1227 oriri
829 1194 891 1227 aut
912 1191 949 1227 in
972 1191 1061 1226 nihil
1082 1190 1202 1227 redire
1223 1191 1349 1236 possit.
1394 1190 1595 1227 Primordia

224 1247 342 1279 autem
357 1247 394 1279 et
410 1244 560 1279 materia
574 1245 669 1279 idem
691 1245 812 1279 valent
834 1241 927 1291 (510
948 1246 1030 1278 sunt
1051 1243 1161 1287 igitur
1182 1244 1443 1287 primordia
1465 1244 1592 1290 solida,

225 1295 299 1330 519
329 1295 528 1331 materia
558 1295 669 1340 igitur
699 1298 845 1331 aeterna
872 1305 951 1330 esse
974 1291 1107 1344 debet).
1162 1295 1267 1330 Lucr.
1297 1294 1410 1340 igitur
1440 1294 1593 1330 fortasse

223 1347 319 1385 illius
341 1359 476 1384 memor
497 1348 814 1393 argumentationis
836 1358 965 1383 revera
985 1346 1105 1383 dicere
1127 1347 1240 1383 voluit
1271 1358 1310 1383 se
1339 1350 1445 1383 antea
1473 1350 1591 1383 osten-

225 1400 320 1435 disse
343 1400 539 1445 primordia
561 1401 682 1436 nullo
704 1401 835 1435 modo
856 1410 963 1444 posse
986 1399 1109 1434 deleri.
1160 1400 1231 1435 Sed
1252 1399 1324 1434 iam
1346 1411 1417 1434 non
1440 1401 1589 1444 garruli-

223 1452 309 1487 tatis
330 1451 534 1497 arguendus
558 1455 623 1487 est.
677 1452 818 1488 Etenim
848 1451 917 1487 hoc
947 1451 1026 1487 loco
1054 1453 1302 1496 argumentum
1332 1451 1422 1496 petit
1452 1462 1523 1486 non
1554 1455 1593 1487 ut

222 1505 284 1540 illo
306 1515 350 1539 ex
372 1505 479 1540 rebus
502 1504 646 1551 genitis,
680 1515 772 1549 quae
794 1514 911 1548 neque
934 1503 981 1538 ad
1002 1503 1090 1538 nihil
1113 1503 1275 1539 recidere
1297 1514 1414 1547 neque
1440 1514 1460 1538 e
1481 1504 1592 1538 nihilo

222 1556 364 1591 renasci
389 1556 539 1601 possint,
570 1555 635 1590 sed
657 1566 701 1590 ex
722 1555 802 1599 ipsa
831 1557 1028 1590 atomorum
1059 1558 1198 1589 natura.
1253 1554 1476 1598 Quamquam
1504 1555 1592 1589 illud

222 1610 471 1653 argumentum
492 1607 609 1653 ipsum
632 1618 703 1642 non
725 1606 859 1642 certius
879 1605 1062 1642 recordari
1084 1605 1247 1654 videtur3
1276 1617 1358 1642 nam
1379 1606 1487 1651 paulo
1509 1609 1592 1651 post

222 1656 331 1709 (540)
352 1659 391 1694 id
411 1662 533 1695 tamen
558 1659 721 1704 quamvis
742 1659 866 1704 paucis
888 1659 1045 1703 attingit.

325 1711 424 1746 Idem
446 1722 481 1746 v.
503 1711 656 1747 recurrit
678 1711 728 1746 IV
751 1711 837 1757 672,
860 1711 922 1746 ubi
943 1721 1009 1755 pro
1034 1709 1188 1758 „paulo“
1213 1713 1329 1746 exstat
1353 1709 1525 1757 „saepe“.

222 1762 369 1799 Lachm.
423 1774 502 1799 eum
545 1774 623 1798 cum
666 1762 895 1798 antecedenti
942 1762 1014 1797 671
1060 1765 1141 1807 post
1190 1774 1225 1798 v.
1268 1763 1342 1796 662
1389 1762 1589 1809 collocavit,

222 1815 306 1860 quia
327 1826 398 1850 non
420 1815 538 1851 dulcia
560 1817 596 1850 et
618 1826 759 1862 amara,
797 1815 862 1850 sed
895 1815 1031 1850 leviora
1062 1818 1099 1849 et
1134 1814 1318 1859 asperiora
1349 1815 1527 1849 elementa
1552 1815 1589 1849 in

221 1867 326 1905 melle
357 1867 548 1903 commixta
584 1877 662 1903 esse
697 1869 805 1902 antea
840 1866 1039 1912 expositum
1074 1866 1131 1901 sit.
1186 1866 1234 1901 At
1264 1877 1308 1901 ne
1343 1866 1410 1900 hoc
1446 1867 1589 1911 quidem

222 1919 328 1955 Lucr.
364 1920 572 1964 exposuisse
606 1918 694 1954 mihi
727 1918 894 1965 videtur,
939 1919 1069 1953 nedum
1108 1929 1229 1963 saepe.
1296 1918 1464 1963 Explicat
1503 1929 1590 1954 sane

221 1971 255 2005 II
278 1972 352 2005 402
376 1971 491 2006 mellis
514 1972 690 2007 elementa
712 1981 792 2006 esse
814 1970 910 2005 levia
932 1973 968 2005 et
988 1970 1154 2016 rotunda,
1183 1969 1350 2015 quoniam
1371 1980 1514 2005 sensum
1537 1970 1588 2005 iu-

223 2023 337 2058 cunde
358 2026 529 2070 tangant3
553 2022 617 2058 sed
644 2023 696 2057 III
721 2023 793 2057 193
826 2043 876 2047 —-
906 2021 972 2058 hos
1000 2022 1098 2057 locos
1128 2022 1204 2057 vult
1225 2021 1371 2057 Lachm.
1395 2021 1589 2067 significari

222 2087 244 2110 a
264 2078 373 2119 poeta
404 2095 453 2100 —
484 2086 554 2110 non
586 2075 691 2110 docet
710 2075 880 2109 nonnulla
908 2074 1083 2109 elementa
1103 2074 1219 2109 mellis
1242 2084 1320 2109 esse
1342 2084 1491 2119 aspera,
1524 2075 1588 2109 sed

223 2127 368 2173 eadem,
402 2137 493 2171 quae
525 2129 632 2161 antea
655 2126 744 2162 dixit
769 2125 874 2171 levia,
907 2136 985 2161 esse
1015 2125 1232 2170 asperiora
1263 2136 1392 2169 quam
1425 2136 1587 2169 aquae.

223 2178 320 2214 Cave
350 2181 469 2214 tamen
498 2177 581 2213 inde
612 2178 762 2223 colligas
791 2177 970 2222 extemplo
1005 2177 1104 2212 illum
1137 2188 1173 2212 v.
1211 2187 1289 2212 esse
1323 2176 1588 2221 interpolatum.

222 2231 315 2265 Nam
329 2230 521 2275 explicatio
544 2230 664 2274 aliqua
684 2232 829 2274 praesto
844 2232 910 2265 est.
938 2229 1042 2264 Ratio
1065 2229 1169 2275 enim,
1194 2240 1257 2264 cur
1277 2229 1486 2274 idem-cibus
1508 2229 1588 2264 aliis

222 2281 347 2328 dulcis,
370 2281 451 2317 aliis
466 2291 608 2316 amarus
623 2281 681 2328 sit,
704 2281 879 2326 repetitur
899 2280 936 2316 11.
959 2281 983 2315 l.
1007 2291 1051 2315 ex
1072 2280 1242 2315 mixtione
1264 2290 1382 2315 rerum
1402 2277 1492 2327 (658
1508 2291 1587 2325 sqq.

223 2334 279 2370 cui
297 2333 418 2370 suavis
441 2335 497 2370 est
519 2333 630 2381 cibus,
654 2333 688 2370 ei
701 2333 885 2369 levissima
905 2344 1057 2378 corpora
1079 2333 1200 2368 caulas
1223 2332 1335 2377 palati
1356 2331 1508 2379 intrant3
1532 2333 1587 2368 cui

222 2397 375 2433 amarus,
406 2397 536 2431 aspera
565 2389 601 2421 et
630 2382 802 2434 hamata).
856 2385 969 2421 Levia
1001 2385 1111 2430 igitur
1145 2385 1321 2420 elementa
1355 2387 1436 2419 sunt
1458 2385 1587 2431 dulcia,

222 2449 353 2484 aspera
374 2448 507 2474 amara.
536 2434 650 2486 (Idem
671 2437 824 2473 traditur
845 2437 880 2472 H
902 2434 1007 2485 402).
1036 2436 1186 2481 Saepius
1208 2440 1326 2472 autem
1348 2432 1380 2484 (1
1403 2436 1477 2470 815
1494 2447 1586 2483 sqq.,

221 2491 255 2525 II
279 2492 355 2525 660
369 2501 462 2538 sqq.,
484 2486 548 2538 al.)
570 2490 759 2535 exponitur
779 2490 816 2524 in
837 2490 945 2525 rebus
967 2489 1104 2524 semina
1124 2488 1300 2533 permixta
1322 2498 1413 2534 esse,
1437 2499 1589 2532 quorum

222 2542 291 2577 sibi
314 2552 477 2587 quaeque
490 2541 652 2577 animans
666 2541 787 2587 capiat
808 2540 1058 2575 convenientia
1079 2537 1118 2587 (i.
1144 2551 1174 2574 e.
1198 2540 1293 2575 levia
1301 2536 1347 2588 P),
1369 2543 1517 2583 respuat
1535 2541 1586 2574 in-

221 2593 314 2630 festa
335 2590 375 2642 (i.
399 2605 431 2630 e.
455 2604 584 2639 aspera
594 2590 639 2642 P).
694 2594 790 2638 Ergo
812 2592 919 2627 Lucr.
942 2602 1020 2628 cum
1044 2591 1130 2627 dicit
1152 2602 1191 2627 se
1213 2594 1320 2627 antea
1341 2602 1449 2637 saepe
1471 2594 1587 2627 osten-
