1809 3046
800 211 1005 245 -49-

221 312 403 357 001111011οε
431 311 507 347 fieri
533 311 696 348 effluviis.
727 313 821 348 Nam
846 323 936 360 „cur
957 311 1071 357 frigus
1096 314 1194 348 calor
1215 314 1336 347 aestus
1350 311 1466 356 magis
1486 322 1584 347 rece-

222 363 308 398 dant
329 375 352 398 a
371 363 488 398 fluviis
509 364 583 398 sole
606 365 721 411 undis,
754 375 860 409 quam
883 376 915 400 0.
944 375 980 409 g.
1008 365 1054 399 ab
1085 364 1261 399 olentibus
1288 364 1396 399 rebus
1421 374 1582 409 corpora,

221 425 314 459 quae
340 414 486 450 odorem
509 415 677 462 excitant,
699 415 896 452 hiscendist
917 416 1014 451 nulla
1034 413 1218 460 potestas“
1243 412 1305 463 (cf.
1330 415 1380 450 IV
1400 412 1581 464 54—66).

220 466 302 502 Non
332 466 444 512 igitur
470 467 614 502 videtur
643 466 733 503 haec
767 479 852 514 pars
882 467 1078 504 abhorrere
1100 478 1123 503 a
1148 468 1251 514 libro,
1276 467 1337 512 qui
1358 469 1413 502 est
1435 465 1480 502 de
1502 477 1583 502 sen-

220 529 320 554 suum
333 519 632 564 perceptionibus.
667 520 830 565 Negatur
843 524 962 556 autem
995 531 1074 556 eam
1105 521 1285 564 pertinere
1311 519 1357 554 ad
1383 520 1583 554 celerem

220 572 385 605 motum
406 570 685 607 simulacrorum.
714 573 762 607 At
783 571 851 607 hoc
873 575 979 617 caput
1000 572 1201 607 absolutum
1224 573 1278 606 est
1300 581 1334 606 v.
1359 571 1454 617 2153
1478 571 1582 615 eique

221 621 399 657 clausulae
430 623 508 658 loco
536 623 799 668 subiunguntur
828 635 887 659 vv.
913 624 999 659 216.
1026 624 1085 671 17,
1117 633 1224 659 versu
1252 625 1370 657 autem
1394 597 1468 656 21'8
1490 622 1582 657 ratio

219 673 496 720 simulacrorum,
530 685 622 718 quae
652 676 772 710 oculos
800 676 958 722 laedunt,
986 674 1202 711 transfertur
1227 673 1274 708 ad
1297 677 1418 708 cetera
1439 673 1582 709 effluvia

219 720 309 773 (219
341 725 483 761 fluunt.
508 726 679 772 .odores,
712 727 784 761 221
816 737 923 763 voces
955 727 1108 763 volitant
1135 737 1202 772 per
1232 736 1349 771 auras,
1384 726 1459 759 222
1482 725 1518 760 111
1541 736 1581 760 08

218 777 318 811 venit
346 788 447 811 umor
477 774 650 826 saporis);
686 781 793 822 atque
823 778 927 814 huius
956 779 1100 823 quidem
1126 779 1240 823 partis
1262 788 1399 813 summa
1420 788 1580 821 compre-

216 826 384 863 henditur
404 839 464 863 vv.
488 829 561 864 225
585 839 663 874 sqq.
693 826 820 878 (usque
842 829 932 866 adeo
954 831 1000 867 ab
1023 830 1185 866 omnibus
1207 829 1314 865 rebus
1336 839 1395 864 res
1418 838 1581 873 quaeque

216 879 366 916 fluenter
408 879 520 916 fertur
560 881 636 917 sine
671 893 771 917 mora
804 893 847 918 ac
880 883 1023 929 requie,
1068 883 1235 928 qnoniam
1283 881 1402 916 omnia
1440 891 1582 926 semper

217 942 364 967 cernere
394 933 536 967 odorari
565 933 649 968 licet
679 936 714 969 01
738 934 872 969 sentire
899 931 1056 982 sonare).
1080 955 1130 960 —
1153 935 1253 978 Quae
1283 934 1314 968 si
1342 935 1441 968 recte
1471 943 1579 977 expo-

217 983 287 1019 sita
328 985 428 1030 sunt,
464 995 536 1029 vv.,
572 984 618 1020 de
653 985 780 1029 quibus
815 985 965 1033 agimus,
993 986 1029 1020 in
1065 986 1088 1020 l.
1120 986 1169 1020 IV
1204 996 1268 1020 suo
1303 986 1446 1019 exstant
1480 985 1579 1031 loco3

217 1035 302 1080 quin
334 1036 465 1071 iustam
493 1036 600 1072 etiam
630 1037 751 1072 sedem
781 1040 929 1072 teneant
952 1037 989 1072 in
1021 1038 1044 1072 l.
1069 1038 1128 1084 VI,
1157 1048 1260 1072 nemo
1282 1046 1449 1080 umquam
1477 1036 1579 1072 dubi-

216 1087 319 1121 tavit.
379 1088 448 1122 Hic
479 1088 572 1122 enim
602 1099 723 1123 eorum
754 1099 822 1132 ope
853 1099 903 1123 sc.
932 1088 1084 1123 effluviis
1114 1089 1313 1132 explicatur
1342 1088 1402 1131 qui
1432 1088 1582 1131 Magnes

217 1138 310 1183 lapis
349 1137 481 1173 ferrum
524 1139 654 1174 ducere
699 1139 825 1184 possit.
889 1139 965 1174 Iam
1000 1150 1133 1184 quaeso
1168 1142 1374 1184 reputemus
1409 1138 1453 1173 ad
1491 1138 1584 1173 hanc

217 1201 293 1226 rem
324 1190 442 1226 omnia
469 1192 634 1237 exempla
662 1190 882 1227 effluviorum
916 1192 1054 1237 pariter
1092 1191 1362 1228 accommodata
1389 1202 1488 1237 esse,
1525 1191 1583 1226 vel

217 1243 337 1287 potius
385 1242 520 1287 frigore
565 1243 751 1278 fluviorum
801 1244 919 1278 calore
963 1244 1047 1279 solis
1089 1247 1191 1279 aestu
1233 1244 1408 1279 undarum
1451 1244 1582 1278 clarius

218 1294 452 1329 demonstrari
483 1294 591 1330 etiam
623 1294 667 1330 de
694 1294 790 1329 ferro
821 1294 964 1330 effluvia
998 1305 1103 1340 posse
1135 1295 1306 1331 recedere
1337 1304 1443 1338 quam
1474 1304 1506 1328 0.
1545 1304 1580 1338 g.

219 1346 328 1382 odore
361 1349 397 1381 et
434 1347 562 1393 sonitu,
598 1358 689 1391 quae
719 1346 863 1382 effluvia
893 1358 973 1383 esse
1004 1348 1143 1383 illorum
1175 1348 1315 1383 demum
1346 1347 1509 1391 exemplo
1545 1346 1581 1380 in

129 1403 154 1430 “s
218 1397 393 1444 versibus,
422 1408 510 1441 quos
531 1401 735 1444 tractamus,
760 1397 996 1433 confirmatur.
1050 1399 1148 1442 Ergo
1177 1399 1213 1432 in
1240 1400 1263 1433 1.
1288 1398 1336 1433 VI
1366 1397 1402 1430 hi
1430 1409 1488 1431 vv.
1512 1409 1581 1431 non

218 1448 382 1493 primitus
411 1449 525 1484 locum
556 1452 842 1496 occupaverunt3
871 1450 935 1485 sed
956 1450 1090 1495 requiri
1117 1450 1154 1483 in
1183 1460 1225 1485 eo
1246 1450 1425 1485 videntur.
1479 1449 1582 1483 Unde

219 1511 440 1546 consequens
463 1501 518 1538 est
538 1504 688 1547 utroque
710 1502 789 1537 loco
812 1513 874 1538 eos
897 1502 1021 1538 deberi
1042 1502 1222 1538 Lucretio.

323 1553 427 1597 Quod
448 1554 479 1588 si
500 1554 688 1599 probatum
710 1557 775 1601 081,
797 1554 835 1588 111
856 1566 915 1589 vv.

320 1605 338 1640 I
360 1605 540 1641 926—50
567 1618 610 1636 ==
634 1605 683 1641 IV
708 1606 832 1641 1—25

218 1654 251 1705 (Ι
274 1657 350 1691 950
372 1668 442 1702 qua
464 1660 601 1693 constet
623 1661 763 1702 compta
784 1657 909 1704 figura,
941 1659 991 1693 IV
1014 1659 1061 1692 25
1093 1658 1135 1692 ac
1159 1658 1336 1701 persentis
1363 1654 1581 1705 utilitatem),

219 1709 264 1743 de
287 1709 416 1753 quibus
438 1719 516 1743 cum
538 1709 607 1754 ipsi
630 1709 838 1744 decertandi
860 1709 1034 1744 rationem
1055 1720 1127 1744 non
1148 1710 1347 1753 praebeant
1366 1708 1426 1743 diu
1446 1709 1581 1743 dissen-

219 1760 312 1795 tiunt
340 1760 500 1796 homines
530 1761 638 1807 docti,
669 1772 740 1796 non
762 1761 892 1796 diutius
920 1761 1169 1796 remorandum
1192 1763 1258 1796 est.
1314 1760 1454 1795 Etenim
1478 1760 1509 1795 si
1531 1760 1582 1794 eis

219 1812 255 1846 in
285 1823 374 1856 quos
405 1812 653 1856 inquisivimus
684 1812 846 1848 versibus
876 1813 981 1847 Lucr.
1014 1823 1142 1848 revera
1165 1812 1219 1847 bis
1241 1812 1278 1847 in
1301 1812 1452 1847 diversis
1475 1822 1581 1856 argu-

219 1864 346 1900 mentis
368 1874 452 1899 usus
476 1866 542 1911 est,
575 1875 637 1899 cur
664 1864 730 1907 1108
759 1864 892 1900 iterare
915 1864 1098 1911 dubitarit,
1127 1874 1269 1899 causam
1297 1864 1359 1898 vix
1379 1863 1581 1908 indagabis.

219 1915 300 1950 Non
323 1916 466 1960 quidem
488 1917 580 1952 sicut
601 1917 653 1951 illi
675 1916 873 1952 inserviunt
894 1916 963 1961 ipsi
985 1916 1238 1962 disputationi,
1262 1916 1326 1951 sed
1348 1916 1377 1950 si
1400 1916 1583 1951 exordium

219 1968 301 2003 libri
331 1968 381 2003 VI
410 1979 432 2003 a
462 1968 629 2004 Lucretio
659 1968 857 2014 perfectum
889 1972 943 2004 est
975 1965 1038 2017 (cf.
1075 1980 1135 2014 pg.
1167 1965 1253 2016 47),
1285 1968 1392 2003 etiam
1423 1968 1505 2003 libri
1535 1968 1584 2003 IV

220 2020 403 2054 exordium
427 2020 472 2055 ab
495 2031 537 2056 eo
559 2021 795 2065 perscriptum
818 2031 897 2056 esse
919 2021 1040 2065 colligi
1061 2021 1156 2055 licet.
1211 2021 1251 2054 In
1273 2021 1297 2054 1.
1321 2021 1337 2053 I
1358 2022 1478 2054 tamen
1503 2020 1583 2053 illos

219 2083 278 2106 vv.
301 2071 465 2115 primitus
487 2072 601 2107 locum
623 2071 790 2109 habuisse
812 2083 883 2107 non
904 2083 970 2116 per
991 2083 1030 2107 80
1052 2075 1189 2107 1311111111
1214 2071 1399 2115 probabile
1422 2074 1488 2117 081,
1519 2071 1583 2105 sed

220 2122 365 2158 difficile
380 2123 606 2171 perspicitur,
630 2135 693 2158 cur
713 2134 850 2170 versus,
874 2125 985 2159 semel
1006 2126 1090 2168 apte
1112 2123 1220 2167 positi
1238 2124 1275 2157 in
1294 2123 1409 2157 fronte
1425 2122 1508 2158 libri
1523 2123 1582 2168 lV,

219 2177 345 2219 postea
375 2175 499 2210 inserti
531 2176 602 2211 sint
633 2176 668 2210 in
698 2175 806 2210 alium
836 2175 983 2222 librum,
1014 2176 1075 2211 ubi
1107 2185 1178 2209 non
1209 2175 1420 2218 perturbant
1442 2173 1583 2219 quidem

217 2226 472 2271 disputationis
504 2227 682 2274 ordinem,
714 2223 939 2272 nequaquam
967 2230 1086 2262 tamen
1117 2226 1342 2273 flagitantur,
1372 2229 1496 2261 0011113
1524 2226 1584 2270 qui

220 2278 351 2314 factum
381 2279 428 2314 sit
454 2282 492 2314 ut
519 2282 627 2324 poeta
650 2280 688 2315 in
715 2279 866 2315 materia
887 2290 957 2314 non
984 2282 1058 2314 tam
1080 2278 1221 2324 poetica
1244 2289 1349 2323 quam
1371 2277 1584 2322 philosopha

222 2338 339 2377 „qnae
360 2331 568 2375 plertunque
591 2332 735 2367 videtur
754 2332 892 2366 tristior
914 2331 1018 2367 esse“
1051 2342 1111 2366 eos
1138 2331 1252 2375 primo
1281 2341 1384 2365 cursu
1408 2331 1585 2364 intexeret

220 2383 257 2417 in
279 2384 303 2418 l.
325 2384 343 2417 I
363 2393 466 2418 nemo
489 2383 615 2426 opinor
639 2395 710 2418 non
732 2384 939 2428 persentiet.

324 2486 425 2522 Haec
446 2486 522 2522 fere
545 2489 626 2523 sunt
648 2488 684 2522 in
708 2487 863 2523 0311111110
879 2486 1094 2522 Lucretiano
1117 2486 1258 2521 iterata.
1296 2485 1397 2529 Quae
1420 2485 1585 2529 quoniam
1606 2486 1616 2498 ⁰

220 2538 389 2574 Lucretio
411 2539 627 2575 vindicanda
649 2550 727 2576 esse
750 2539 853 2574 nobis
874 2539 1060 2598 videntur,
1096 2538 1275 2583 plerisque
1306 2541 1423 2573 autem
1454 2537 1586 2572 criticis

222 2590 421 2659 displicent,
440 2602 556 2636 neque
574 2591 714 2640 iniuria,
734 2592 761 2627 si
778 2591 824 2626 ad
838 2591 1037 2627 severiores
1051 2591 1251 2625 venustatis
1265 2591 1364 2635 leges
1382 2590 1583 2635 exiguntur,

1317 2649 1338 2680 4
