1809 3046
796 220 917 264 -.ll
948 240 998 245 -

214 325 251 360 111
273 325 297 360 l.
320 325 369 360 VI
390 324 542 369 primum
566 323 779 369 declaratur,
803 333 872 367 quo
895 322 1000 357 modo
1022 322 1134 357 nubes
1157 322 1327 368 oriantur,

267 377 344 411 470
554 375 733 420 permulta
755 374 845 408 mari
868 385 1010 419 quoque
1032 374 1158 408 tollere
1181 377 1256 408 toto

363 437 512 471 corpora
534 429 696 461 naturam
719 426 902 460 declarant
925 426 936 459 l
948 426 983 460 it
994 436 1014 459 0
1023 436 1041 458 r
1051 435 1071 459 e
1093 436 1116 458 v
1128 435 1146 458 e
1157 428 1225 459 ste
1235 435 1252 458 s

365 489 381 513 s
391 490 414 517 u
424 489 441 513 s
453 489 474 523 p
485 489 504 513 e
515 490 538 512 11
548 489 564 513 s
575 489 597 513 a
605 488 644 523 e,
668 488 746 512 cum
770 477 973 521 concipiunt
994 476 1127 511 umoris
1149 476 1356 521 adhaesum,

214 530 343 565 deinde
365 531 471 574 paulo
494 532 587 576 post,
611 529 685 563 503
711 529 806 564 venti
832 528 1036 573 concipiunt

265 593 433 629 umorem,
457 582 567 617 veluti
587 581 840 626 pendentia
864 581 1045 616 vellera
1067 580 1204 614 lanae

213 644 420 691 exponitur,
467 644 528 689 qui
567 643 709 689 pluvius
751 653 851 678 umor
891 645 1099 679 concrescat
1132 642 1167 677 in
1206 641 1380 687 nubibus,
1425 640 1578 685 denique

213 696 261 730 VI
285 697 358 730 617
383 707 436 740 sq.
1465 712 1467 715 .

335 747 497 782 videmus
522 773 530 782 .
555 773 564 781 .
589 773 597 781 .
621 746 731 782 vestis
753 757 874 781 umore
902 746 1080 781 madentis

265 799 447 833 exsiccare
470 798 542 833 suis
564 798 674 833 radiis
696 797 896 833 ardentibu'
929 798 1039 833 solem

212 860 324 895 vestis
347 859 490 904 quidem
513 860 675 904 exemplo
707 880 753 883 -
783 870 875 903 quae
896 861 1015 894 tamen
1039 859 1258 905 exsiccatur,
1296 869 1367 893 non
1391 862 1427 893 ut
1450 857 1579 892 ceteris

211 912 299 947 locis
334 922 490 946 umorem
531 911 628 956 capit
664 932 713 936 —
750 911 810 956 qui
857 912 909 945 sol
950 913 1089 956 partem
1124 911 1231 946 maris
1267 914 1368 946 aestu
1411 908 1578 945 detrahat

212 964 428 1008 expeditur?
457 985 506 988 —
537 963 714 998 Universa
744 973 850 1007 porro
880 963 990 1008 ratio,
1023 974 1094 1007 qua
1126 963 1262 997 anellus
1298 962 1343 997 ad
1375 963 1578 1007 Magnetem

211 1016 423 1060 propellitur
458 1018 494 1050 et
528 1027 593 1050 nos
628 1018 789 1050 meantes
821 1018 904 1049 aere
931 1025 1134 1060 movemur,
1173 1018 1228 1049 est
1259 1014 1437 1049 simillima
1469 1017 1578 1058 atque

215 1067 340 1102 eodem
362 1067 437 1101 fere
459 1067 656 1101 illustratur
679 1066 859 1110 exemplo:
881 1066 932 1100 VI
957 1066 1054 1099 1032
1079 1069 1142 1100 aer
1163 1065 1295 1100 ferrum

266 1118 376 1154 trudit
398 1121 434 1153 et
455 1118 605 1163 impellit
633 1117 734 1162 quasi
757 1128 916 1152 navem
946 1118 1152 1161 velaque
1184 1120 1366 1164 ventus,

214 1171 263 1205 IV
285 1171 359 1204 897
387 1169 427 1204 fit
449 1173 532 1204 aere
556 1172 591 1204 et
612 1169 647 1203 vi
669 1169 850 1215 intestina,

267 1221 425 1265 eorporis
447 1224 485 1255 ut
508 1221 640 1255 navis
663 1220 781 1255 velis
804 1222 1033 1263 ventoque
1056 1219 1203 1254 feratur.

213 1283 290 1318 Nec
321 1293 405 1318 vero
434 1282 549 1318 minus
577 1282 806 1318 memorabile
839 1281 982 1317 videtur
1008 1284 1148 1326 poetam
1172 1282 1230 1316 vel
1255 1281 1402 1317 eandem
1426 1292 1499 1316 rem
1524 1281 1578 1316 bis

214 1335 545 1370 eodem'illustrare
578 1335 748 1378 exemplo.
818 1335 923 1368 Velut
952 1334 1001 1368 VI
1036 1334 1106 1368 179
1138 1334 1257 1377 fulgur
1286 1345 1328 1368 eo
1361 1333 1465 1368 docet
1491 1333 1576 1367 oriri

214 1386 308 1432 quod
330 1389 456 1421 ventus
477 1386 625 1421 invadat
647 1386 775 1421 nubem
798 1388 833 1420 et
854 1388 1017 1420 versatus
1040 1385 1172 1420 ibidem
1195 1385 1392 1419 mobilitate
1416 1396 1480 1419 sua
1506 1384 1575 1418 fer-

214 1441 349 1486 vesoat,
373 1441 442 1473 ut.
474 1439 746 1483 ..plumbea
780 1465 822 1472 ..
848 1464 856 1472 .
886 1438 1024 1482 glans
1055 1437 1162 1472 etiam
1194 1438 1300 1481 longo
1334 1448 1470 1471 cursu
1500 1437 1572 1470 vol-

212 1490 329 1525 venda
365 1491 530 1536 calescat,
568 1493 604 1524 et
637 1490 743 1533 paulo
779 1492 861 1533 post
896 1489 944 1523 VI
967 1490 1041 1523 306
1059 1499 1112 1532 sq.
1149 1492 1277 1523 ventus
1323 1509 1349 1512 -
1390 1488 1504 1532 inquit
1535 1508 1564 1511 —

211 1541 354 1586 igniscit
376 1542 482 1585 longo
507 1543 625 1576 meatu
650 1567 658 1575 .
684 1567 691 1575 .
717 1567 725 1575 .

263 1604 334 1627 non
357 1593 429 1628 alia
450 1594 557 1637 longe
580 1592 716 1627 ratione
739 1603 782 1626 ac
803 1592 955 1636 plumb
969 1602 1019 1626 ea
1042 1602 1149 1635 saepe

264 1644 404 1679 fervida
424 1644 463 1679 fit
486 1645 620 1689 glans
642 1644 679 1678 in
703 1654 841 1679 cursu
866 1670 873 1677 .
899 1670 907 1678 .
932 1670 940 1678 .

212 1696 257 1731 cf.
283 1699 471 1741 praeterea
497 1697 550 1731 ,VI
575 1696 648 1730 160
663 1707 740 1740 sqq.
770 1695 882 1730 nubes
915 1695 1050 1730 semina
1071 1694 1166 1739 ignis
1189 1695 1370 1729 excutiunt
1401 1705 1465 1729 suo
1494 1705 1575 1729 con-

212 1759 326 1794 cursu,
352 1759 416 1783 ceu
439 1748 593 1792 lapidem
616 1748 645 1782 si

263 1800 440 1843 percutiat
461 1799 552 1843 lapis
574 1802 635 1833 aut
657 1798 801 1844 ferrum,

211 1854 247 1886 et
268 1852 317 1886 VI
340 1852 414 1885 309
438 1851 550 1895 ipsius
571 1851 701 1895 plagae
723 1850 777 1885 vis
798 1850 896 1884 venti
920 1850 1053 1884 excitat
1075 1851 1194 1894 ignem

338 1903 413 1937 314
435 1905 474 1938 ut
496 1902 651 1948 lapidem
674 1902 769 1937 ferro
793 1913 871 1937 cum
894 1902 1086 1949 caedimus,
1111 1903 1228 1937 evolat
1249 1901 1355 1947 ignis.

316 1965 386 2000 Sed
409 1965 533 1999 horum
556 1965 796 2009 exemplorum
819 1975 999 1999 numerum
1025 1964 1141 2009 quivis
1164 1964 1269 1998 facile
1292 1964 1451 2008 augebit.
1506 1964 1575 1998 Ita-

211 2028 280 2062 que
302 2017 373 2052 iam
395 2017 502 2052 liceat
530 2016 653 2062 paucis
675 2016 846 2063 indicare,
874 2016 960 2061 quid
983 2016 1027 2051 de
1055 2016 1327 2061 repetitionibus
1350 2015 1576 2051 iudicandum

210 2069 294 2103 mihi
326 2068 503 2104 videatur.
560 2070 600 2103 In
636 2069 791 2104 animum
821 2079 891 2102 non
927 2079 1071 2112 possum
1105 2068 1274 2102 inducere
1311 2079 1372 2102 eas
1408 2067 1577 2102 fefellisse

210 2122 366 2165 poetam.
419 2120 529 2155 Immo
563 2121 610 2155 VI
633 2119 707 2154 936
725 2130 804 2163 sqq.
836 2119 871 2153 in
904 2119 1128 2163 expedienda
1165 2120 1198 2153 vi
1229 2119 1406 2163 Magnetis
1444 2118 1578 2153 diserte

210 2170 353 2219 „nunc“
390 2172 505 2217 inquit
542 2171 679 2219 „omnis
708 2174 869 2216 repetam
905 2182 1010 2216 quam
1032 2182 1114 2207 raro
1137 2182 1286 2216 corpore
1310 2170 1380 2206 sint
1403 2181 1461 2206 res
1484 2182 1575 2206 com-

209 2234 426 2269 memorare3
464 2224 558 2268 quod
580 2224 616 2257 in
638 2223 752 2267 primo
781 2233 922 2267 quoque
954 2224 1110 2257 carmine
1143 2222 1301 2268 claret“,
1332 2222 1459 2257 deinde
1488 2222 1578 2256 haec

210 2277 354 2310 enarrat
376 2275 550 2322 exempla,
576 2275 704 2320 quibus
726 2274 762 2308 in
785 2275 808 2309 1.
831 2274 848 2308 I
870 2285 954 2309 usus
978 2277 1049 2309 est:

262 2338 336 2372 942
566 2337 604 2372 fit
625 2340 664 2373 ut
685 2338 721 2371 in
749 2337 927 2381 speluncis
953 2348 1041 2372 saxa
1062 2348 1215 2381 superne

361 2389 488 2424 sudent
509 2400 630 2424 umore
653 2392 688 2424 et
709 2388 819 2433 guttis
841 2387 1057 2423 manantibu’
1083 2389 1217 2423 stillent

208 2441 224 2476 I
261 2442 335 2476 348
359 2441 394 2475 in
425 2440 520 2476 saxis
550 2453 592 2477 ac
623 2440 800 2487 speluncis
823 2443 1006 2485 permanat
1028 2452 1198 2485 aquarum

360 2492 515 2537 liquidus
536 2504 637 2528 umor
661 2495 696 2528 et
717 2493 886 2527 uberibus
907 2492 992 2526 flent
1013 2493 1131 2527 omnia
1158 2493 1281 2539 guttis,

210 2544 297 2579 946.
316 2545 336 2578 7
360 2544 493 2579 diditur
513 2544 549 2578 in
572 2555 683 2579 venas
706 2543 805 2578 cibus
828 2543 952 2589 omnis,
985 2547 1104 2590 auget,
1133 2544 1267 2588 alitque

361 2596 519 2641 corporis
542 2599 720 2632 extremas
744 2606 885 2641 quoque
907 2595 1019 2640 partis
1044 2596 1324 2641 ung-uiculosque
