1809 3046
815 171 1020 205 —24—

288 275 388 309 1020
410 274 602 309 intervalla
622 272 701 309 vias
723 283 881 309 conexus
905 272 1068 318 pondera
1087 273 1238 318 plagaes

404 325 602 360 *concursus
623 327 741 361 motus
763 325 851 361 ordo
873 324 1036 370 positura
1056 323 1194 370 figurae

409 388 488 412 cum
506 378 769 423 permutantur,
791 376 922 413 mutari
942 386 1002 412 res
1024 387 1166 422 quoque
1188 377 1332 413 debent.

229 429 380 465 Versum
411 429 512 464 1020
541 426 609 477 (z
638 429 674 464 11
704 426 816 477 726),
849 429 910 473 qui
938 430 1141 464 structurae
1169 427 1292 475 officit,
1325 440 1428 465 nemo
1455 429 1603 474 negabit

231 491 351 516 errore
380 480 418 515 in
451 482 588 516 textum
617 480 854 526 immigrasse.
922 479 995 516 Sed
1029 482 1175 523 praeter
1208 490 1288 516 eum
1319 480 1466 516 Lachm.
1498 481 1605 517 eiecit

228 543 287 568 vv.
313 532 412 566 1015
439 534 477 568 et
506 532 565 579 16,
596 532 657 577 qui
684 532 795 567 verbo
826 529 1078 578 „significant“
1107 533 1241 569 mutato
1267 531 1305 567 in
1333 531 1602 578 „constituunt“

230 587 373 619 exstant
407 585 425 619 I
460 584 549 620 820.
582 585 645 620 21.
710 583 921 619 Accuratius
956 593 1043 619 sane
1079 582 1199 618 dicere
1234 583 1357 619 debuit
1391 587 1498 628 poeta
1532 595 1603 620 non

230 636 403 672 literas
433 635 638 682 significare
668 635 828 671 diversas
856 646 914 671 res
937 636 1002 671 sed
1031 645 1138 671 voces
1172 632 1235 684 (cf.
1265 634 1411 671 Lachm.
1440 633 1603 684 comm.)3

231 687 354 723 dubito
377 691 518 735 tamen,
549 699 633 723 num
669 691 816 732 propter
836 686 930 723 hanc
951 687 1175 732 iniquitatem
1196 697 1321 723 versus
1350 689 1447 723 recte
1477 687 1603 723 exstir-

230 742 372 786 pentur,
395 739 609 783 praesertim
631 749 711 774 cum
735 739 855 783 putari
876 739 984 774 liceat
1008 749 1128 774 eorum
1149 738 1298 773 formam
1320 740 1449 783 poetae
1471 739 1507 773 in
1529 749 1602 774 me-

231 790 343 826 moria
372 790 546 826 haesisse.
601 789 674 825 Sed
709 790 878 835 quoniam
915 790 959 825 de
994 788 1063 825 hac
1096 800 1136 824 re
1172 792 1270 825 certo
1305 789 1499 836 disceptari
1532 802 1604 826 non

233 845 352 889 queat,
384 842 456 877 iam
479 841 740 887 examinemus,
772 852 856 877 num
879 843 956 877 tota
977 852 1062 886 pars
1083 840 1239 877 insiticia
1259 842 1437 878 videatur.
1474 843 1535 879 Br.
1558 842 1604 878 de

231 905 274 929 ea
295 894 332 929 in
353 895 473 928 annal.
497 892 621 938 philol.
645 905 678 928 a.
705 892 804 927 1875
832 904 893 938 pg.
918 893 992 927 623
1016 893 1219 929 accuratius
1242 894 1426 938 disputans
1449 895 1604 939 castigat

229 945 485 982 obscuritatem
508 956 602 991 quae
623 945 670 981 sit
692 943 789 991 quod
811 944 849 980 in
871 956 929 981 vv.
955 945 1055 980 1014
1077 954 1157 990 sqq.
1181 941 1362 993 (quaeque
1387 946 1507 993 1014,
1543 957 1602 983 ea-

229 999 311 1034 dem
337 998 436 1033 1015
460 1001 497 1034 et
521 994 638 1046 1016)
661 996 908 1042 significentur
929 998 1118 1044 elementa,
1142 997 1225 1033 inde
1241 1009 1263 1033 a
1278 1009 1310 1033 v.
1333 998 1432 1032 1017
1456 995 1602 1046 (omnia,

230 1050 387 1085 maxima
420 1046 523 1096 pars)
554 1049 819 1094 complexiones
852 1049 1117 1084 elementorum.
1186 1048 1352 1084 Concedo
1391 1049 1501 1097 illud,
1534 1049 1601 1085 hoc

230 1112 337 1147 nego.
391 1100 493 1136 Nihil
514 1100 658 1146 quidem
680 1099 802 1147 refert,
826 1111 910 1136 num
931 1100 1059 1136 literae
1082 1100 1283 1136 consimiles
1305 1101 1393 1148 sint,
1427 1101 1493 1137 sed
1518 1113 1601 1137 num

231 1154 302 1189 sint
323 1153 484 1189 eaedem.
513 1153 590 1188 Nec
614 1163 700 1188 vero
723 1152 907 1197 quaeritur
936 1173 974 1178 —
1000 1155 1040 1187 ut
1062 1152 1180 1188 dicam
1200 1153 1237 1187 in
1260 1163 1299 1188 re
1322 1153 1410 1188 satis
1431 1153 1603 1198 impedita

231 1215 338 1249 quam
369 1215 514 1249 possum
546 1204 699 1239 maxime
731 1203 875 1239 definite
903 1224 953 1229 —
983 1206 1100 1239 utrum
1129 1204 1192 1239 illa
1214 1206 1294 1239 octo
1315 1204 1426 1240 verba
1450 1201 1603 1253 (caelum

230 1267 328 1293 mare
350 1259 466 1292 terras
488 1256 634 1292 flumina
655 1256 767 1291 solem
794 1254 917 1301 fruges
939 1256 1085 1292 arbusta
1107 1252 1322 1305 animantes)
1345 1256 1463 1292 omnia
1484 1268 1531 1292 an
1558 1268 1603 1293 ex

229 1311 334 1354 parte
358 1329 408 1334 —-
430 1307 585 1344 fortasse
605 1318 669 1343 sex
692 1328 743 1333 -
765 1308 861 1343 inter
881 1318 920 1342 se
942 1307 1073 1343 similia
1094 1307 1166 1343 sint
1188 1305 1225 1357 ¹).
1255 1308 1325 1344 Sed
1348 1309 1527 1344 sententia
1549 1312 1603 1345 est

230 1361 341 1397 haec:
368 1361 406 1396 in
428 1360 499 1396 illis
523 1362 602 1396 octo
627 1360 747 1396 verbis
778 1359 846 1396 etsi
876 1370 947 1395 non
977 1359 1096 1396 omnia
1118 1361 1294 1396 elementa
1317 1361 1477 1397 eadem
1507 1363 1601 1409 sunt,

230 1416 268 1448 at
301 1413 456 1458 plurima
493 1415 575 1448 sunt
618 1412 784 1448 eadem.
866 1412 985 1447 Verba
1024 1412 1134 1457 igitur
1173 1423 1265 1457 quae
1307 1415 1391 1448 sunt
1433 1413 1489 1459 „si
1531 1424 1601 1448 non

230 1464 351 1500 omnia
385 1467 486 1511 sunt,
534 1466 572 1499 at
606 1464 717 1499 multo
751 1463 907 1499 maxima
941 1474 1025 1508 pars
1062 1466 1117 1499 est
1153 1463 1370 1500 consimilis“
1406 1464 1458 1500 ita
1491 1465 1601 1500 inter·

230 1518 372 1561 pretor:
396 1517 574 1551 elementa
596 1515 752 1551 cuiusvis
774 1515 915 1550 illorum
937 1518 1017 1551 octo
1040 1516 1229 1551 verborum
1255 1516 1410 1551 maxima
1432 1526 1476 1551 ex
1498 1519 1602 1561 parte

231 1571 314 1603 sunt
347 1568 474 1603 eadem
509 1570 617 1612 atque
653 1567 689 1601 in
727 1567 855 1611 quovis
892 1567 964 1602 alio
1000 1577 1133 1614 eorum,
1170 1566 1264 1602 sive:
1306 1567 1462 1603 maxima
1494 1578 1603 1612 pars

234 1620 488 1655 elementorum
521 1621 576 1654 est
606 1618 870 1654 consimilis
893 1618 949 1654 vel
979 1618 1098 1663 potius
1128 1618 1305 1654 maximae
1334 1621 1497 1665 partes
1524 1619 1602 1656 illo-

234 1683 311 1707 rum
353 1674 434 1707 octo
476 1672 667 1707 verborum
708 1673 791 1706 sunt
834 1670 1119 1706 consimiles.
1203 1670 1307 1714 Quod
1341 1682 1450 1716 pars
1490 1672 1604 1708 altera

231 1723 335 1758 alteri
366 1722 634 1758 consimilis
664 1723 813 1767 dicitur,
844 1721 934 1756 nihil
963 1721 1073 1757 habet
1103 1721 1320 1757 offensionis.
1375 1722 1446 1757 Sed
1474 1733 1518 1757 ex
1540 1734 1603 1758 no—

230 1774 328 1810 tione
352 1771 515 1823 „partis“
539 1772 646 1809 facile
669 1771 829 1821 „totius“
859 1773 936 1809 sive
959 1771 1166 1821 „summae“
1198 1773 1296 1810 notio
1320 1773 1509 1823 cogitatur,
1534 1785 1605 1820 qua

231 1826 582 1872 comprehenduntur
609 1824 790 1873 „omnia“,
813 1826 884 1861 ita:
908 1826 940 1861 si
961 1837 1032 1861 non
1053 1828 1129 1861 tota
1151 1837 1316 1861 summa
1338 1827 1602 1874 elementorum,

231 1890 276 1914 ex
295 1878 424 1923 quibus
445 1878 508 1913 illa
530 1880 610 1913 octo
632 1879 746 1913 verba
768 1879 944 1923 constant,
966 1879 1005 1912 at
1023 1877 1178 1912 maxima
1198 1888 1306 1922 pars
1329 1878 1524 1913 consimilis
1539 1881 1603 1913 est.

230 1930 304 1967 Sed
337 1931 437 1966 recte
474 1929 580 1967 etiam
616 1931 652 1965 et
683 1928 780 1965 facili
810 1938 920 1974 opera
951 1938 996 1964 ex
1027 1938 1115 1964 voce
1140 1926 1406 1977 „consimilis“,
1443 1940 1536 1975 quae
1558 1930 1605 1965 ad
1664 1967 1670 1972 ,

232 1980 422 2030 „partem“
455 1984 594 2017 tantum
626 1982 799 2028 quadrat,
831 1981 967 2026 petitur
997 1981 1095 2016 notio
1120 1980 1329 2027 „perfectae
1351 1980 1602 2027 aequalitatis“

231 2045 324 2079 quae
352 2034 400 2069 ad
431 2031 597 2081 „omnia“
629 2033 820 2080 pertineat,
851 2033 923 2068 ita:
952 2033 1077 2068 sinon
1100 2032 1218 2068 omnia
1239 2034 1416 2069 elementa
1447 2034 1606 2069 eadem

231 2089 323 2133 sunt,
347 2089 385 2122 at
405 2085 516 2121 multo
538 2084 695 2121 maxima
715 2095 823 2131 pars
845 2087 901 2121 est
923 2084 1127 2121 consimilis.
1177 2084 1277 2130 Quae
1300 2085 1362 2131 qui
1382 2086 1603 2133 probaverit,

229 2139 266 2173 in
288 2149 377 2173 voce
392 2136 638 2185 „consimilis“
653 2148 723 2172 non
746 2137 923 2173 haerebit.
943 2157 987 2161 —-
1004 2136 1077 2181 Sed
1095 2140 1248 2181 negatur
1261 2137 1401 2173 illorum
1414 2138 1605 2173 verborum

230 2190 401 2234 plurimas
423 2188 547 2224 literas
569 2189 715 2224 easdem
737 2198 816 2224 esse
839 2185 901 2237 (cf.
924 2188 1155 2224 Neumannus
1178 2187 1239 2235 51,
1275 2188 1344 2224 Gn.
1365 2188 1390 2223 l.
1408 2186 1462 2238 1.).
1511 2188 1606 2224 Sane

230 2244 312 2277 sunt
342 2240 433 2276 haec
462 2240 573 2275 verba
602 2250 680 2275 meo
709 2240 842 2276 iudicio
872 2239 931 2275 vel
962 2239 1076 2276 instar
1097 2240 1263 2278 omnium.
1312 2239 1516 2276 Absurdum
1537 2239 1606 2276 hoc

230 2293 423 2330 videbitur.
466 2292 515 2327 At
546 2304 617 2337 quo
645 2292 723 2328 iure
754 2292 862 2328 Lucr.
886 2293 903 2327 I
926 2292 999 2328 821
1024 2303 1105 2338 sqq.
1121 2285 1221 2328 'dicit
1247 2292 1443 2338 primordia
1464 2292 1607 2337 frugum

229 2346 456 2381 arbustorum
478 2344 696 2380 animantum
711 2354 791 2380 esse
805 2343 881 2380 fere
905 2344 1043 2391 eadem,
1067 2354 1157 2389 quas
1180 2344 1275 2381 inter
1295 2355 1354 2381 res
1375 2345 1410 2380 11
1425 2344 1605 2380 660—79

336 2477 370 2517 1)
390 2476 442 2508 Ita
462 2476 515 2508 Br.
539 2475 593 2516 qui
621 2477 722 2516 negat
746 2479 928 2516 „quaeque“
954 2477 989 2507 et
1013 2474 1155 2512 „omnia“
1181 2475 1310 2508 easdem
1331 2484 1384 2507 res
1405 2474 1605 2516 significare3

234 2522 414 2558 „quaeque“
440 2517 529 2549 enim
549 2517 715 2558 intellegit
736 2517 909 2557 elementa,
935 2516 1078 2555 „omnia“
1103 2519 1214 2550 autem
1237 2516 1477 2559 complexiones
1494 2516 1607 2550 litera-

230 2568 304 2591 rum
326 2559 393 2591 sive
414 2559 514 2591 verba
534 2559 555 2591 i.
579 2568 607 2591 e.
629 2558 688 2591 illa
709 2561 784 2591 octo
806 2568 889 2599 quae
912 2561 1154 2591 enumerantur.
