1809 3046
741 813 892 883 Caput
922 828 960 869 Ι.

581 951 660 998 De
698 950 1102 1016 repetitionibus.

265 1070 330 1105 Cui
359 1070 555 1106 debeantur
584 1072 652 1106 loci
688 1072 723 1107 in
756 1072 911 1107 carmine
943 1070 1157 1106 Lucretiano
1188 1070 1331 1114 repetiti
1363 1072 1526 1115 quaestio

159 1121 249 1156 adeo
271 1132 341 1155 non
364 1122 410 1155 ad
433 1132 643 1157 consensum
665 1124 820 1157 omnium
842 1124 959 1157 soluta
982 1125 1053 1167 est,
1085 1124 1124 1156 ut
1152 1121 1212 1164 qui
1235 1122 1425 1157 novissime
1448 1134 1524 1158 eam

159 1172 346 1218 tractavit,
381 1172 585 1220 Gneissius,
618 1173 662 1208 de
696 1174 858 1209 versibus
897 1173 934 1208 in
974 1172 1133 1207 Lucretii
1171 1172 1328 1207 carmine
1364 1174 1525 1217 repetitis

158 1224 349 1269 Argentor.
372 1225 482 1270 1879,
506 1225 557 1260 ita
579 1228 618 1260 ut
637 1226 868 1270 repetitiones
886 1225 1023 1260 alienas
1046 1235 1125 1260 esse
1148 1235 1170 1258 a
1188 1223 1356 1259 Lucretio
1380 1224 1523 1260 demon-

159 1278 310 1321 straret,
333 1275 370 1309 in
392 1276 614 1319 praefatione
646 1277 951 1312 commentationis
975 1276 1255 1311 Studemundum
1282 1277 1328 1310 ab
1350 1276 1429 1320 ipso
1453 1277 1522 1311 dis-

159 1327 292 1362 sentire
314 1326 480 1361 fateatur.
516 1327 633 1363 Antea
655 1327 847 1374 Vahlenus,
871 1327 1088 1362 Monatsber.
1112 1326 1177 1361 der
1198 1326 1292 1361 Berl.
1317 1326 1385 1361 Ak.
1410 1328 1521 1374 1877,

158 1378 372 1413 contrariam
395 1379 607 1414 sententiam
629 1380 696 1414 etsi
716 1390 786 1414 non
809 1379 970 1423 pluribus
993 1377 1224 1423 confirmavit,
1247 1378 1380 1413 diserte
1402 1382 1522 1414 tamen

157 1429 410 1473 pronuntiavit.
471 1429 540 1472 Qui
570 1441 655 1464 vero
686 1430 841 1464 Gneissii
872 1430 1031 1463 libellum
1060 1433 1337 1475 recensuerunt,
1371 1429 1523 1464 Tohtius

158 1477 385 1527 (Fleckeisen
428 1480 577 1516 Jahrbb.
626 1481 745 1527 1879,
793 1478 988 1525 541-53)
1041 1483 1077 1515 et
1118 1480 1311 1524 Briegerus
1355 1477 1523 1528 (Bursian

157 1531 321 1566 Jahresb.
353 1532 465 1577 1879,
498 1533 532 1565 ΙΙ
565 1529 747 1580 201-8),
785 1543 997 1576 quamquam
1030 1542 1099 1566 non
1129 1532 1246 1566 omnia
1278 1533 1522 1578 comprobant,

156 1585 274 1617 tamen
298 1593 368 1617 non
390 1582 503 1617 solum
526 1593 674 1617 acumen
697 1583 853 1618 auctoris
876 1585 1093 1628 agnoscunt,
1124 1583 1188 1616 sed
1215 1582 1251 1616 in
1273 1583 1391 1617 multis
1415 1584 1522 1618 rebus

158 1634 191 1668 ei
223 1633 477 1669 assentiuntur.
537 1634 627 1669 Item
667 1635 896 1670 Neumannus
932 1634 969 1668 in
998 1634 1294 1668 commentatione
1329 1633 1373 1669 de
1414 1635 1521 1670 inter-

157 1686 396 1729 polationibus
435 1686 660 1721 Lucretianis
708 1687 810 1721 Halis
854 1687 937 1721 Sax.
985 1685 1083 1719 1875
1125 1686 1253 1720 multas
1288 1686 1521 1730 repetitiones

158 1737 298 1782 spurias
333 1747 412 1773 esse
448 1737 637 1772 ostendere
675 1738 829 1784 studuit,
874 1747 1088 1782 quamquam
1130 1737 1260 1771 multas
1295 1738 1406 1772 voluit
1441 1748 1520 1772 esse

155 1789 340 1832 genuinas.

260 1840 360 1883 Quae
383 1850 460 1874 cum
483 1840 533 1874 ita
555 1839 637 1885 sint,
661 1840 754 1874 hanc
776 1840 1032 1884 quaestionem,
1062 1840 1194 1883 quippe
1218 1851 1310 1884 quae
1337 1841 1518 1884 pertineat

154 1891 201 1926 ad
224 1895 337 1927 artem
359 1894 396 1926 et
417 1890 599 1935 ingenium
620 1893 748 1936 poetae
778 1894 876 1927 recte
906 1891 1147 1936 aestimanda,
1181 1891 1296 1925 denuo
1320 1895 1517 1926 retractare

155 1943 333 1989 constitui,
355 1943 565 1987 praesertim
588 1953 667 1978 cum
686 1943 757 1977 iam
773 1954 844 1978 non
863 1943 899 1977 in
921 1942 1124 1977 universum
1143 1943 1374 1987 repetitiones
1396 1946 1517 1988 utpote

154 1995 324 2030 molestae
346 1995 382 2029 in
405 1994 560 2030 carmine
583 1993 760 2029 didactico
791 2005 813 2029 a
836 1996 944 2038 poeta
965 1993 1232 2040 abiudicentur,
1267 1994 1331 2029 sed
1363 2005 1408 2029 ex
1432 2006 1518 2030 vera

154 2046 448 2092 interpretatione
484 2046 704 2091 singularum
743 2046 920 2091 principia
962 2045 1083 2080 iudicii
1127 2045 1323 2090 repetenda
1358 2057 1435 2081 esse
1471 2047 1517 2082 ab

154 2100 317 2135 omnibus
348 2099 573 2133 concedatur.
628 2098 705 2133 Nec
733 2099 803 2132 iam
832 2098 1043 2133 offensiones
1073 2109 1194 2133 omnes
1230 2098 1516 2142 interpolationis

152 2151 258 2195 signa
279 2150 467 2186 habentur.
522 2150 721 2185 Permultas
744 2149 836 2185 enim
860 2149 1011 2184 Tohtius
1034 2152 1070 2183 et
1091 2149 1284 2194 Briegerus
1307 2149 1516 2194 imperfecto

153 2202 320 2238 carminis
341 2205 435 2238 statu
458 2202 621 2238 excusari
645 2204 868 2237 censuerunt.
910 2200 981 2237 Sed
1005 2211 1087 2237 cum>
1105 2200 1165 2235 ille
1190 2200 1393 2237 Gneissium
1416 2213 1516 2237 secu-

153 2256 210 2289 tus
241 2265 312 2288 non
342 2254 480 2288 dubitet
508 2256 646 2299 partes,
677 2263 769 2297 quae
809 2264 880 2287 non
911 2253 988 2288 sine
1019 2252 1147 2287 damno
1178 2253 1344 2287 carminis
1376 2254 1515 2299 desunt,

152 2304 320 2341 Lucretio
343 2305 501 2340 adimere
524 2302 572 2353 (e.
594 2315 631 2349 g.
656 2315 714 2339 vv.
738 2305 790 2339 111
816 2304 982 2349 87—93,
1006 2303 1067 2347 qui
1090 2305 1307 2348 prooemium
1329 2305 1412 2339 libri
1435 2315 1516 2339 con-

153 2355 337 2405 cludunt),
369 2360 405 2392 et
431 2357 624 2401 Briegerus
650 2356 796 2401 ,quidem
829 2367 970 2402 versus,
1000 2355 1061 2400 qui
1092 2356 1160 2391 etsi
1191 2367 1261 2391 non
1289 2357 1517 2401 requiruntur

152 2411 271 2444 tamen
292 2408 446 2444 maiores
467 2408 679 2443 offensiones
701 2419 772 2442 non
795 2409 971 2452 praebent
1000 2404 1049 2454 (e.
1074 2418 1109 2451 g.
1133 2408 1227 2442 illius
1255 2409 1427 2452 prooemii
1458 2420 1514 2443 vv.

153 2458 341 2510 87—90),
377 2460 610 2506 interpolatos
647 2470 726 2496 esse
761 2459 955 2495 existimet:
992 2458 1225 2495 fundamenta
1263 2459 1364 2495 crisis
1400 2460 1517 2496 adhuc

151 2514 258 2548 valde
295 2513 464 2548 vacillare
500 2512 585 2546 mihi
621 2511 799 2547 videntur.
868 2511 1053 2547 Gneissius
1088 2514 1205 2547 autem
1241 2511 1318 2556 ipse
1349 2513 1515 2557 quoniam

152 2564 450 2600 commentatione
473 2575 538 2599 sua
561 2564 795 2608 repetitiones
822 2563 1092 2610 condemnavit,
1124 2567 1387 2608 praesumptam
1418 2565 1516 2599 illam

1226 2622 1265 2654 1*
