1809 3046
753 215 959 249 ,9,-

176 317 382 355 fulminibus
405 318 492 363 agit,
529 317 619 352 haec
641 328 711 352 non
734 328 756 352 a
778 318 855 353 deis
876 317 971 352 mitti
993 317 1057 353 sed
1078 320 1207 353 natura
1228 318 1305 353 fieri
1327 318 1460 352 diserte
1482 327 1541 351 ex-

173 369 322 416 posuit?
375 369 551 404 Nimirum
582 368 688 404 etiam
719 368 823 404 huius
858 369 926 404 loci
950 369 1215 414 compendiaria
1238 368 1417 405 scribendi
1451 368 1542 403 ratio

172 422 255 457 inde
288 424 373 457 nata
403 423 476 468 est,
510 420 605 466 quod
636 421 834 456 sententiae
864 424 973 456 antea
1001 422 1190 466 expeditae
1223 422 1378 456 animum
1413 424 1542 466 poetae

173 473 352 508 subibant.
376 494 426 498 —
448 473 530 508 Non
554 473 698 517 quidem
719 474 867 508 moleste
889 473 1032 508 videtur
1053 472 1167 508 forma
1190 473 1321 519 „aevi“
1343 473 1378 507 in
1402 472 1541 508 duobus

172 524 335 561 versibus
358 535 437 561 sese
459 524 720 569 excipientibus
743 524 874 560 iterata
895 525 927 560 V
952 525 1064 559 1216.
1091 526 1136 559 17

224 578 398 621 perpetuo
421 576 561 621 possint
588 576 692 612 aevi
714 576 874 612 labentia
896 578 1015 612 tractu

224 628 387 664 immensi
409 628 549 663 validas
571 628 676 663 aevi
699 631 925 664 contemnere
946 628 1062 663 vires:

173 680 210 715 id
245 682 366 715 tamen
401 680 471 715 nisi
506 679 611 714 fallor
645 680 728 715 inde
764 680 934 724 colligere
969 681 1054 715 licet
1080 681 1231 715 alterum
1263 691 1404 715 versum
1436 682 1543 714 antea

173 742 332 768 seorsum
355 731 509 776 positum
531 741 611 767 esse
632 732 649 765 I
675 732 785 778 1004,
809 732 958 767 alterum
978 732 1010 767 V
1032 732 1107 766 379
1126 729 1163 780 ¹).

279 783 359 818 Nisi
393 783 536 818 viderer
571 783 607 818 in
642 783 780 819 incerta
816 783 1022 831 decurrere,
1070 784 1177 820 etiam
1213 784 1260 819 ad
1293 782 1543 829 explicandum

174 836 282 870 talem
305 835 570 870 soloecismum:
604 835 652 869 VI
675 835 748 869 759
774 835 1049 881 „quadrupedes
1073 863 1081 871 .
1106 863 1114 871 .
1140 862 1148 870 .
1169 839 1208 870 ut
1230 835 1259 870 si
1291 836 1361 870 sint
1389 837 1546 869 mactata

174 885 348 931 repente“
384 886 534 921 similem
557 897 681 921 versus
704 886 836 921 exitum
867 886 1096 933 adhiberem,
1130 887 1190 931 qui
1220 890 1276 922 est
1306 888 1340 921 II
1367 887 1466 920 1034
1490 888 1545 931 ,,8ἰ

176 938 247 974 sint
278 938 419 974 obiecta
447 936 643 985 repente“;
673 939 738 974 sed
768 939 858 973 tales
889 939 1061 974 sermonis
1093 938 1300 983 iniquitates
1335 938 1396 973 vix
1427 940 1546 983 potest

176 992 274 1026 certo
298 990 534 1026 demonstrari
566 1001 608 1025 eo
635 1001 714 1026 esse
744 990 889 1026 effectas
920 991 1015 1035 quod
1046 990 1175 1025 similia
1202 991 1315 1025 verba
1345 1001 1410 1035 per
1440 1000 1545 1024 aures

177 1045 363 1089 sonarent3
387 1042 508 1086 itaque
524 1041 623 1076 —id
641 1042 737 1086 quod
751 1042 864 1087 magis
879 1042 926 1077 ad
940 1041 1033 1077 hane
1055 1042 1301 1086 quaestionem
1323 1042 1480 1087 pertinet
1495 1061 1544 1066 —

176 1094 371 1130 sententias
396 1094 568 1139 quasdam
590 1094 818 1140 principales,
855 1104 948 1139 quae
969 1094 1097 1129 iterum
1129 1097 1237 1139 atque
1263 1094 1391 1130 iterum
1422 1093 1545 1129 lectori

175 1146 417 1193 inculcantur,
463 1149 502 1181 ut
535 1145 609 1181 fors
653 1156 714 1181 eas
750 1146 898 1193 obtulit,
942 1145 1001 1180 filo
1038 1147 1191 1190 quodam
1227 1150 1387 1181 nectam:
1432 1146 1570 1180 Terra-

177 1198 295 1233 omnia
327 1198 483 1244 creavit,
522 1208 604 1233 nam
640 1208 757 1242 neque
790 1197 835 1232 de
863 1198 963 1233 caelo
995 1198 1169 1233 cecidisse
1201 1198 1368 1233 animalia
1399 1200 1547 1242 possunt

176 1260 242 1285 nec
274 1250 318 1285 de
351 1249 455 1285 salsis
487 1249 604 1285 exisse
634 1249 771 1285 lacunis
806 1250 841 1284 II
873 1249 1022 1284 1153—
1028 1249 1097 1295 59,
1128 1250 1159 1284 V
1191 1250 1389 1296 790-94,
1426 1249 1547 1293 itaque

177 1302 302 1336 merito
344 1304 459 1336 mater
494 1301 696 1345 appellatur
731 1302 766 1335 II
802 1300 895 1348 598,
936 1302 970 1347 9,
1006 1302 1135 1336 ἦε998
1136 1299 1181 1348 ²),
1220 1302 1287 1336 *V
1325 1301 1409 1346 795,
1450 1302 1546 1347 821,

176 1363 269 1388 nunc
291 1355 411 1388 tamen
434 1353 540 1388 effeta
564 1356 618 1387 est
641 1356 676 1387 et
699 1353 838 1388 destitit
860 1363 987 1397 parere
1010 1353 1045 1387 II
1069 1328 1546 1399 1150—52,1160—72‚

177 1405 207 1440 V
236 1405 362 1439 826—
366 1405 412 1452 8,
450 1404 580 1440 etenim
617 1415 675 1440 res
710 1407 892 1440 mutantur
928 1415 1069 1449 semper
1104 1405 1138 1439 II
1174 1405 1275 1439 69—
1276 1380 1340 1451 ⁷79,
1386 1405 1474 1439 300.
1513 1406 1545 1450 1,

179 1457 290 1492 1173.
324 1457 360 1501 4,
427 1457 479 1491 111
509 1457 584 1491 964
614 1467 706 1502 sqq.,
776 1457 806 1491 V
844 1457 1024 1491 247—60
1056 1460 1167 1502 terra,
1226 1458 1404 1491 261—72
1441 1467 1547 1502 aqua,

177 1509 357 1543 273—80
387 1512 468 1555 aer,
506 1508 711 1542 281-305
744 1508 859 1555 ignis,
898 1509 972 1543 306
1005 1519 1084 1553 sqq.
1118 1512 1256 1556 cetera,
1301 1509 1395 1553 quod
1430 1511 1546 1543 autem

175 1563 346 1595 mutatum
369 1560 499 1596 finibus
523 1560 609 1605 exit,
641 1560 809 1595 continuo
832 1559 900 1595 hoc
920 1571 1015 1596 mors
1044 1564 1099 1595 est
1122 1561 1217 1595 illius
1240 1562 1335 1605 quod
1371 1560 1436 1596 fuit
1466 1563 1548 1594 ante

176 1612 229 1646 ³⁶1
262 1612 350 1657 670,
382 1612 467 1658 792,
509 1612 543 1645 11
575 1611 662 1657 753,
702 1612 755 1646 III
792 1611 879 1658 519,
914 1612 1008 1658 7563
1050 1612 1171 1656 itaque
1208 1613 1344 1647 caelum
1381 1616 1416 1647 et
1451 1616 1549 1647 terra

175 1675 258 1698 mox
293 1663 432 1698 ruinam
473 1663 606 1698 dabunt
646 1663 677 1697 V
707 1663 754 1697 93
788 1674 888 1710 sqq.,
926 1661 1000 1699 343
1042 1674 1144 1710 sqq.;
1180 1675 1246 1698 nec
1287 1667 1407 1698 tamen
1446 1663 1547 1707 quid-

177 1726 281 1760 quam
325 1714 438 1749 oritur
479 1714 546 1749 nisi
589 1717 703 1749 morte
747 1715 905 1749 adiutum
950 1716 1068 1750 aliena
1115 1716 1129 1749 Ι
1166 1716 1262 1762 264,
1312 1716 1346 1749 II
1383 1715 1548 1760 62—79,

179 1767 319 1802 1002-
336 1767 370 1810 6,
412 1767 463 1801 III
487 1766 583 1813 965,
621 1777 707 1811 ergo
736 1777 781 1801 ne
815 1777 873 1801 res
903 1766 949 1801 ad
972 1767 1081 1802 nilum
1106 1767 1316 1812 redigantur
1338 1768 1382 1802 de
1405 1767 1549 1812 niloque

176 1821 303 1854 renata
333 1818 495 1862 vigescat
523 1818 627 1862 copia
658 1829 796 1865 rerum,
827 1819 1024 1862 primordia
1046 1822 1194 1854 aeterna
1217 1819 1288 1854 sint
1316 1830 1463 1855 necesse
1494 1823 1550 1854 est

176 1871 228 1905 ³⁶1
252 1871 422 1917 672—4,
462 1869 633 1916 756—8,
671 1871 742 1904 *11
765 1870 965 1916 750—52,
1007 1871 1204 1917 1002—6,
1244 1882 1335 1916 quae
1370 1871 1406 1905 in
1443 1871 1550 1905 rebus

177 1922 353 1968 permixta
392 1923 409 1957 I
448 1922 520 1956 196
557 1932 657 1969 sqq.,
707 1922 906 1969 814—22,
961 1922 1161 1969 859—-74,
1216 1923 1250 1957 II
1292 1923 1470 1957 581—99
1515 1925 1550 1957 et

179 1975 379 2021 660-87,
418 1974 559 2010 diverso
595 1977 692 2009 motu
724 1984 895 2009 concursu
924 1975 1085 2019 positura
1116 2002 1123 2010 .
1149 2002 1157 2010 .
1183 2002 1190 2010 .
1227 1975 1345 2011 varias
1380 1986 1438 2011 res
1469 1986 1549 2020 pro-

178 2029 302 2062 creant
351 2027 368 2060 I
399 2027 474 2061 684
504 2037 605 2072 sqq.,
655 2027 708 2060 ὃςἸ
740 2027 813 2061 817
844 2037 946 2073 sqq.,
987 2027 1099 2060 *908
1132 2038 1233 2073 sqq.,
1275 2028 1310 2062 11
1346 2028 1419 2061 883
1457 2038 1548 2072 sqq.,

180 2079 278 2113 1007
314 2089 414 2125 sqq.;
452 2078 747 2123 quemadmodum
785 2077 910 2113 literae
946 2078 1057 2113 verba
1088 2077 1230 2114 diverso
1261 2079 1384 2114 ordine
1415 2079 1431 2113 Ι
1466 2079 1551 2124 197,

179 2131 380 2176 822—27,
416 2131 438 2152 ἦ
461 2131 534 2164 912
559 2141 658 2177 sqq.,
696 2131 768 2164 ³⁶11
801 2130 993 2165 688—91.
1067 2129 1203 2173 Quodsi
1238 2142 1355 2166 rerum
1390 2130 1572 2175 ignorem'

178 2182 375 2227 primordia
402 2193 493 2226 quae
532 2182 614 2228 sint,
649 2192 695 2216 ex
729 2181 817 2226 ipsis
846 2182 936 2217 caeli
962 2182 1161 2217 rationibus
1190 2182 1258 2217 hoc
1285 2186 1403 2217 tamen
1428 2182 1551 2218 confir-

179 2245 275 2269 mare
314 2233 427 2269 ausim
468 2233 637 2269 mundum
666 2244 736 2268 non
767 2233 937 2269 divinitus
966 2244 1044 2269 esse
1079 2237 1236 2269 creatum
1267 2235 1337 2269 ἐξΙΙ
1363 2235 1434 2269 177
1460 2245 1553 2280 sqq.,

179 2287 211 2321 V
240 2286 311 2320 195
329 2296 428 2332 sqq.;
453 2285 614 2321 homines
644 2296 753 2332 vero,
787 2296 935 2330 quorum
966 2296 1111 2330 operum
1149 2296 1275 2321 causas
1297 2287 1395 2321 nulla
1417 2286 1554 2321 rat-ione

180 2338 304 2373 videre
322 2340 482 2384 possunt,
507 2348 550 2372 ea
566 2337 687 2372 divino
703 2338 845 2373 numine
860 2337 936 2373 fieri
951 2340 1074 2372 rentur
1095 2338 1111 2371 Ι
1130 2339 1215 2373 153.
1234 2339 1268 2385 4,
1295 2339 1324 2373 V
1343 2339 1441 2372 1183
1460 2349 1553 2384 sqq.,

289 2478 336 2522 1)
347 2479 430 2513 tales
463 2478 658 2511 offensiones
692 2478 878 2521 apposuisse
910 2488 976 2511 non
1007 2480 1117 2511 tamen
1147 2489 1278 2520 prorsus
1307 2489 1327 2512 a
1355 2489 1391 2512 re
1414 2478 1555 2512 alienum

180 2532 252 2554 esse
276 2522 438 2554 concedet
460 2521 652 2561 quicumque
673 2522 874 2562 reputaverit
894 2521 1032 2560 multas,
1054 2525 1190 2562 propter
1212 2531 1288 2562 quas
1310 2532 1421 2554 versus
1443 2523 1555 2554 iterati

180 2563 214 2594 in
237 2563 478 2595 dubitationem
500 2563 606 2594 vocati
627 2565 714 2602 sunt,
736 2563 789 2594 vix
811 2572 881 2594 esse
903 2562 1074 2602 graviores.

290 2605 325 2647 2)
348 2604 409 2637 loci
431 2603 547 2637 stellae
569 2603 660 2645 signo
674 2604 690 2622 *
714 2603 859 2637 distincti
881 2605 1058 2636 tentantur.
