1809 3046
848 198 1028 230 -4-

254 298 457 343 opinionem
492 300 595 344 quasi
634 300 686 335 eis
717 303 824 344 poeta
853 300 995 335 omnino
1032 299 1245 335 abstinuerit
1280 311 1350 334 non
1381 301 1454 334 tam
1482 300 1625 335 sustulit

255 361 362 394 quam
385 350 620 385 confirmavit.
676 351 763 385 Mihi
786 352 954 385 universo
978 351 1122 385 dicendi
1154 362 1286 395 genere
1309 351 1345 384 id
1368 351 1510 385 videtur
1531 361 1624 385 com—

253 402 418 449 probari,
452 402 568 449 quod,
604 413 649 438 ne
680 403 772 438 ultro
805 402 1037 438 fundamenta
1068 403 1170 438 nobis
1202 406 1425 450 evertamus,
1464 414 1508 439 ex
1538 401 1626 448 ipsis

255 454 395 498 legibus
424 454 513 489 artis
551 454 697 489 criticae
734 455 937 499 ponendum
968 458 1039 489 est:
1077 455 1328 500 repetitiones,
1364 465 1457 498 quae
1485 458 1625 490 senten-

255 504 385 539 tiarum
407 515 500 540 nexu
529 505 752 552 flagitentur,
782 506 950 541 Lucretio
983 505 1127 552 deberi,
1158 505 1225 540 etsi
1254 516 1325 540 non
1356 506 1451 540 omni
1482 507 1627 541 careant

254 556 437 604 molestia3
469 557 575 592 immo
604 568 676 592 non
707 569 800 603 quae
832 558 1040 603 flagitantur
1069 557 1195 603 modo,
1227 558 1291 592 sed
1313 557 1418 593 etiam
1443 569 1535 603 quae
1557 569 1627 593 non

254 609 395 644 alienae
431 612 533 655 sunt,
569 610 747 654 genuinae
783 610 869 645 mihi
904 610 1083 645 videntur.
1138 610 1193 643 Ex
1228 610 1460 644 incommodis
1495 613 1624 655 autem,

253 660 468 705 praesertim
490 672 534 696 ex
562 661 755 697 levioribus
786 662 957 697 orationis
986 661 1237 708 incommodis,
1268 660 1358 695 nihil
1390 661 1542 705 amplius
1571 671 1627 696 me

254 712 391 748 arbitro
426 715 525 748 recte
562 713 778 749 diiudicatur
814 725 920 758 quam
949 725 1019 758 quo
1048 714 1126 748 loco
1154 723 1279 748 versus
1316 713 1435 749 iterati
1465 713 1628 758 primitus

255 764 328 798 sint
350 765 528 799 collocati.
585 764 720 807 Quodsi
752 765 1031 800 demonstratum
1064 765 1132 800 erit
1160 765 1362 799 Lucretium
1391 775 1462 798 non
1492 764 1627 808 fugisse

256 815 504 860 repetitiones,
529 816 616 851 satis
640 816 716 851 fore
744 813 937 861 suspiceris
959 817 1069 851 verbo
1094 815 1212 851 dicere
1235 826 1308 863 eas,
1333 827 1422 861 quas
1443 815 1628 851 Gneissius

256 868 389 912 aliique
402 868 623 902 emendatori
634 868 800 903 carminis
811 869 886 904 sive
897 868 1143 913 interpolatori
1157 869 1407 914 attribuerunt,
1420 867 1628 903 referendas

256 930 337 954 esse
360 918 406 953 ad
429 919 636 953 Lucretium
655 920 777 964 ibique
795 919 1044 955 secundarium
1063 922 1187 954 tenere
1205 919 1333 965 locum,
1358 919 1418 954 ubi
1442 920 1628 955 offensioni

256 971 340 1006 sint.
388 970 436 1006 At
459 982 504 1006 ne
527 971 714 1007 molestiae
737 971 882 1016 quidem
905 982 996 1017 quae
1018 973 1263 1006 monstrantur
1285 981 1407 1006 omnes
1430 981 1627 1015 agnoscen-

258 1023 326 1057 dae
348 1022 436 1056 mihi
460 1022 646 1069 videntur,
679 1024 772 1058 aliae
796 1026 914 1058 autem
946 1035 1016 1058 non
1039 1023 1126 1058 satis
1149 1026 1246 1058 recte
1269 1023 1314 1057 ab
1336 1023 1417 1057 aliis
1438 1022 1628 1068 refutatae,

257 1074 450 1108 nonnullae
469 1073 624 1118 denique
647 1075 754 1108 etiam
774 1085 854 1109 esse
876 1075 1045 1120 intactae,
1077 1077 1116 1109 ut
1145 1074 1181 1108 in
1200 1074 1359 1118 singulos
1382 1075 1480 1108 locos
1502 1074 1628 1109 iterum

257 1125 439 1170 inquirere
464 1136 610 1170 operam
633 1136 703 1160 non
726 1126 905 1170 perditam
928 1126 1005 1161 fore
1027 1136 1175 1171 sperare
1197 1126 1315 1161 liceat.

364 1177 435 1211 Sed
451 1180 559 1211 antea
576 1177 810 1212 fundamenta
830 1178 1048 1222 quaestionis
1069 1177 1217 1212 firmiter
1235 1176 1519 1212 constabilienda
1535 1180 1627 1212 sunt.

258 1229 384 1273 Itaque
407 1229 558 1273 primum
582 1228 692 1264 affero
716 1229 949 1274 repetitiones
973 1228 1167 1275 quasdam,
1192 1239 1284 1273 quae
1306 1228 1403 1263 nullo
1425 1231 1531 1273 pacto
1553 1231 1628 1263 ten-

258 1281 326 1316 tari
348 1284 509 1326 possunt,
534 1292 612 1315 cum
632 1284 695 1316 aut
715 1281 940 1316 necessariae
967 1282 1038 1316 sint
1057 1284 1119 1316 aut
1134 1284 1240 1325 aptae
1260 1284 1368 1325 atque
1388 1280 1484 1315 omni
1499 1283 1630 1315 vacent

258 1332 558 1379 reprehensione3
591 1332 721 1367 deinde
753 1334 864 1379 tales,
899 1343 990 1377 quae
1024 1343 1238 1377 quamquam
1268 1332 1441 1367 molestiis
1463 1333 1630 1367 laborant

257 1387 375 1420 tamen
399 1394 591 1428 numquam
614 1384 650 1418 in
674 1384 933 1420 dubitationem
955 1387 1105 1419 vocatae
1129 1387 1228 1431 sunt,
1260 1384 1426 1428 quoniam
1457 1383 1542 1419 item
1565 1394 1631 1429 per

257 1447 296 1470 se
319 1436 432 1470 deleri
454 1439 647 1479 nequeunt.
1136 1441 1139 1443 ’

362 1486 512 1522 Omissis
543 1487 655 1531 igitur
691 1487 851 1521 formulis
888 1487 1060 1521 orationis
1104 1487 1256 1530 aliisque
1298 1487 1405 1521 certis
1440 1487 1629 1521 verborum

257 1538 562 1583 complexionibus
581 1536 629 1587 ¹),
661 1538 785 1583 quales
819 1538 887 1573 etsi
915 1539 1011 1583 apud
1034 1538 1237 1573 Lucretium
1269 1539 1389 1583 plures
1421 1537 1572 1573 fortasse
1595 1541 1630 1573 et

257 1601 321 1626 eae
344 1589 487 1635 quidem
510 1591 653 1635 saepius
676 1593 864 1625 recurrunt
893 1592 1012 1625 tamen
1036 1590 1131 1634 apud
1155 1590 1315 1634 quemvis
1339 1590 1548 1634 scriptorem
1576 1590 1629 1625 in-

257 1642 447 1677 veniuntur
477 1639 539 1690 (cf.
569 1642 819 1688 Albrechtius,
851 1641 1096 1676 Wiederholte
1119 1642 1231 1677 Verse
1262 1642 1333 1677 und
1367 1642 1543 1677 Versteile
1571 1642 1629 1676 bei

256 1694 393 1741 Vergil,
417 1694 569 1729 Hermes
591 1695 674 1729 XVI
697 1694 925 1738 393—444,
949 1694 1102 1728 maxime
1125 1691 1238 1742 402),
1269 1694 1366 1738 pleni
1397 1693 1473 1728 fere
1504 1704 1629 1729 versus

258 1746 294 1780 in
317 1757 388 1780 una
410 1745 608 1790 eademque
639 1746 951 1790 argumentatione
982 1745 1019 1779 hi
1047 1746 1269 1789 potissimum
1298 1745 1422 1780 iterari
1445 1745 1629 1780 videntur:

311 1818 463 1852 corpora
487 1819 566 1842 cum
589 1808 755 1843 deorsum
776 1812 912 1843 rectum
935 1818 1001 1852 per
1022 1808 1128 1842 inane
1151 1807 1311 1842 feruntur
1332 1807 1367 1841 II
1390 1808 1463 1841 217

484 1870 553 1904 quo
577 1859 681 1894 citius
770 1880 1263 1883 Η
1334 1859 1367 1893 II
1390 1860 1465 1893 226

801 1922 868 1946 nec
889 1913 1051 1955 tempore
1074 1913 1172 1946 certo

309 1974 376 1998 nec
399 1963 546 2007 regione
569 1962 638 1997 loci
662 1966 761 1998 certa
1410 1963 1444 1997 II
1467 1961 1555 1997 259.
1580 1963 1629 1997 60

311 2067 393 2101 dum
416 2064 521 2101 facile
544 2066 581 2100 in
600 2077 713 2101 venas
736 2066 837 2101 cibus
860 2065 974 2100 omnis
996 2065 1130 2100 inditur
1152 2068 1189 2101 et
1210 2065 1293 2100 dum
1316 2066 1348 2100 II
1374 2015 1542 2100 11125293

309 2129 376 2153 nec
991 2117 1124 2153 diditur
1147 2118 1180 2153 ei
1314 2118 1349 2152 ΙΙ
1374 2118 1472 2152 1136

257 2250 292 2290 1)
313 2249 365 2280 Ex
386 2248 448 2280 hoc
469 2256 591 2288 genere
613 2249 692 2279 sunt
714 2257 741 2279 e.
765 2257 794 2287 g.
818 2247 946 2288 saepius
966 2247 1121 2280 iteratae:

383 2290 585 2329 Magnopere
607 2299 627 2321 a
650 2298 727 2320 vera
747 2289 830 2329 lapsi
850 2289 978 2321 ratione
999 2289 1159 2328 videntur,

382 2331 486 2362 multa
505 2330 609 2362 modis
630 2330 740 2361 multis
761 2331 797 2361 in
819 2333 952 2362 cunctas
973 2330 1114 2370 undique
1135 2332 1262 2370 partes3

256 2373 365 2414 plures
393 2373 557 2412 congessit
578 2371 745 2404 Gneissius
774 2381 826 2413 pg.
855 2372 873 2403 7
903 2373 938 2404 et
966 2372 995 2404 8.
1039 2372 1111 2404 Huc
1139 2371 1309 2413 pertinent
1336 2370 1494 2404 formulae
1524 2370 1628 2412 magis

257 2415 406 2455 poeticae
428 2414 540 2453 quales
562 2416 640 2445 sunt

383 2458 488 2486 morte
511 2455 601 2486 obita
621 2464 756 2494 quorum
778 2454 874 2486 tellus
896 2454 1104 2494 amplectitur
1126 2463 1199 2486 ossa
1220 2455 1235 2485 I
1258 2454 1319 2485 135

383 2506 518 2536 quorum
539 2498 644 2527 morte
667 2495 756 2527 obita
777 2514 1194 2518 ———-———-
1214 2495 1261 2526 IV
1283 2494 1345 2526 734

383 2537 563 2570 Democriti
584 2537 669 2577 quod
692 2539 806 2570 sancta
826 2537 887 2570 viri
909 2538 1074 2570 sententia
1099 2537 1193 2578 ponit
1215 2536 1263 2568 111
1284 2536 1346 2568 371
1369 2536 1398 2568 V
1419 2536 1481 2568 622

387 2605 393 2611 .
418 2605 425 2611 .
448 2580 542 2620 nigra
562 2580 665 2611 virum
687 2582 840 2620 percocto
863 2580 971 2611 saecla
991 2580 1098 2611 colore
1215 2578 1260 2610 VI
1282 2579 1355 2618 722,
1378 2579 1469 2610 1109.
