1809 3046
837 178 1036 211 -26—

251 279 394 324 quidem
431 289 510 314 esse
541 291 563 314 a
594 280 764 315 Lucretio
799 281 898 315 illum
938 281 1076 327 locum,
1116 280 1247 316 nedum
1283 281 1328 316 ab
1362 280 1620 325 interpolatore

250 331 492 375 exscriptum?
532 332 653 367 Verbo
683 332 791 367 liceat
822 331 997 367 adnotare
1031 344 1090 367 vv.
1125 333 1212 367 698.
1246 333 1268 366 9
1299 343 1369 367 non
1400 332 1471 367 dici
1503 353 1553 358 ——
1582 333 1620 368 id

249 381 344 426 quod
370 381 437 416 Gn.
468 383 583 417 credit
617 403 665 408 -—
694 383 874 419 hominum
896 383 1037 428 frugum
1069 384 1294 419 arbustorum
1326 384 1461 418 semina
1482 394 1618 429 pror-

249 443 322 467 sus
344 434 495 469 omnia
515 434 609 470 iuter
631 445 670 470 se
693 435 835 470 diversa
867 445 956 481 esse,
988 435 1052 470 sed
1083 435 1210 480 negari
1237 435 1480 471 tantummodo
1502 435 1620 471 omnia

249 496 328 521 esse
350 485 464 533 paria,
498 489 537 522 ut
560 498 696 522 summa
717 487 842 523 merito
865 487 1009 523 diversa
1040 487 1186 523 feratur.
1241 488 1282 521 In
1305 488 1455 523 eundem
1477 488 1618 523 modum

248 537 386 581 aecipio
408 549 443 572 v.
469 539 557 585 694,
581 549 648 573 nec
670 539 777 573 aliter
797 550 831 573 v.
851 539 886 573 11
906 540 992 585 337,
1017 539 1117 573 cuius
1139 538 1229 573 haec
1251 541 1305 573 est
1328 539 1523 575 sententia:
1547 540 1619 584 pri-

247 588 387 623 mordia
418 588 554 625 distant
584 589 720 636 formis,
754 601 825 625 non
857 601 926 634 quo
953 591 1071 625 nullae
1100 590 1235 625 formae
1267 589 1400 625 similes
1430 590 1520 637 sint,
1555 590 1619 626 sed

249 640 333 684 quia
354 651 442 676 non
464 652 623 676 omnes
645 653 751 686 pares
773 645 865 685 sunt.
915 642 1030 685 Quam
1060 642 1169 677 enim.
1184 641 1253 676 Gn.
1283 641 1375 676 eruit
1405 642 1619 677 sententiam

250 702 345 738 „uon
378 703 448 737 quo
479 693 599 727 haud
630 693 776 727 multa
798 693 928 728 similia
950 696 1042 739 sunt,
1066 692 1130 729 sed
1158 693 1242 737 quia
1269 693 1397 727 nulla
1425 703 1484 727 res
1514 693 1619 728 alteri

248 754 396 787 prorsus
416 755 485 788 par
509 742 601 790 est“,
625 747 761 789 pugnat
783 755 862 779 cum
883 748 1012 789 poetae
1035 744 1210 792 doctrina,
1238 756 1309 790 qua
1330 745 1439 779 atomi
1461 744 1618 780 eiusdem

248 794 384 830 formae
406 806 553 830 numero
575 795 734 830 infinitae
757 798 849 830 sunt.

353 857 419 891 Vv.
455 857 489 891 II
526 857 613 891 336.
652 858 673 891 7
711 858 899 892 recurrunt
934 857 969 890 II
1003 857 1089 892 723.
1121 858 1163 903 43
1200 858 1260 901 qui
1293 857 1458 893 Gneissio
1486 857 1618 893 Tohtio

247 908 421 951 Briegero
467 908 723 943 sententiarum
765 919 894 943 nexum
931 908 1189 952 interrumpere
1225 908 1403 943 videntur.
1488 908 1560 944 Sed
1588 910 1618 944 si

246 962 399 994 mentem
431 961 559 1004 poetae
589 962 686 995 recte
714 959 906 1006 perspicio,
938 959 1137 995 sententiae
1169 959 1245 995 sine
1277 960 1429 995 salebris
1459 960 1509 995 ita
1539 970 1617 996 cur-

247 1013 348 1046 runt:
393 1011 492 1047 Sicut
535 1022 593 1047 res
634 1012 779 1056 genitae
818 1014 895 1047 tota
934 1014 1064 1046 natura
1100 1012 1195 1047 inter
1235 1022 1274 1047 se
1311 1011 1501 1047 dissimiles
1536 1015 1618 1047 sunt

249 1073 280 1096 e.
318 1073 353 1106 g.
389 1065 488 1098 terra
522 1073 620 1097 mare
655 1063 835 1108 animalia,
872 1063 924 1097 ita
953 1062 1148 1106 primordia
1183 1073 1304 1097 earum
1335 1063 1478 1098 diversa
1505 1063 1618 1098 forma

247 1113 413 1158 praedita
448 1117 530 1149 sunt
564 1111 789 1163 (wo—22),
821 1125 892 1149 non
922 1113 1065 1158 quidem
1097 1114 1214 1150 omnia
1242 1114 1419 1161 differunt,
1454 1114 1519 1151 sed
1547 1126 1617 1150 non

248 1166 368 1201 omnia
396 1169 478 1201 sunt
500 1166 602 1210 paria
631 1163 734 1213 (723.
759 1165 811 1214 4).
866 1167 979 1200 Porro
1007 1176 1086 1200 cum
1107 1167 1302 1210 primordia
1333 1167 1478 1212 distent,
1511 1167 1617 1202 etiam

246 1217 437 1252 intervalla
458 1218 539 1252 viae
563 1214 602 1265 (i.
619 1228 649 1252 e.
672 1214 832 1265 canales)
853 1214 878 1265 ¹)
902 1243 910 1251 .
936 1243 944 1251 .
970 1244 978 1251 .
1001 1220 1117 1252 motus
1140 1217 1307 1253 differunt
1328 1215 1419 1266 (725
1435 1215 1543 1267 sqq.).
1567 1239 1617 1243 ——

247 1269 302 1303 De
337 1269 475 1305 ratione
510 1272 648 1316 autem,
691 1279 762 1314 qua
797 1268 966 1303 cohaeret
999 1271 1077 1303 tota
1110 1280 1194 1313 pars
1232 1270 1431 1316 718—29,
1468 1281 1561 1315 quae
1595 1281 1618 1305 a

246 1321 413 1356 Gneissio
443 1323 620 1367 tentatur,
654 1332 733 1355 cum
761 1320 1068 1366 antecedentibus,
1100 1322 1207 1365 longe
1236 1321 1339 1356 aliter
1366 1322 1481 1356 sentio
1509 1325 1617 1366 atque

245 1372 459 1417 interpretes
482 1383 616 1407 omnes.
658 1373 786 1407 Utrum
808 1374 907 1407 recte
929 1383 975 1406 an
997 1372 1113 1407 minus
1135 1372 1197 1406 alii
1218 1372 1385 1407 viderint.
1430 1373 1617 1417 Exponam

246 1434 339 1468 quae
360 1423 448 1458 mihi
470 1423 679 1459 videantur:

308 1496 352 1500 -—
379 1476 474 1510 699:
504 1486 563 1511 res
585 1475 762 1520 permixto
784 1474 918 1509 semine
941 1477 1117 1509 constant.

248 1527 473 1562 700—717:
507 1538 576 1561 non
606 1530 727 1561 tamen
757 1526 876 1560 omnia
906 1526 1043 1560 semina
1065 1526 1274 1561 omnimodis
1294 1529 1444 1571 possunt
1466 1528 1616 1561 conecti.

504 1578 595 1613 Nam
610 1579 778 1623 portenta
793 1577 1000 1624 existerent,
1018 1588 1062 1612 ex
1073 1578 1224 1613 diversis
1237 1578 1399 1623 partibus
1409 1579 1616 1622 composita.

506 1629 610 1674 Quod
632 1641 702 1665 non
725 1629 803 1664 ficri
824 1629 1052 1665 manifestum
1076 1632 1141 1665 est.
1197 1630 1375 1665 Animalia
1400 1630 1494 1665 enim
1517 1640 1617 1665 suum

290 1690 294 1694 '
505 1684 651 1717 servant
672 1691 797 1725 genus.

249 1735 322 1768 718
361 1744 463 1778 sqq.:
505 1734 570 1769 sed
593 1744 664 1768 non
687 1732 855 1767 animalia
877 1732 990 1767 solum
1014 1732 1123 1767 certis
1146 1732 1274 1768 finibus
1297 1732 1557 1769 discernuntur.

246 1787 322 1821 Iam
344 1784 434 1821 haec
457 1787 654 1830 sequuntur
676 1784 713 1819 in
734 1784 855 1819 libris:

509 1864 517 1872 .
543 1864 551 1872 .
577 1835 753 1882 quaedam
775 1836 867 1871 ratio
891 1835 1117 1871 disterminat
1139 1835 1264 1871 omnis.

248 1899 348 1943 Quae
372 1899 483 1935 verba
505 1898 567 1934 alii
588 1899 695 1934 aliter
716 1899 775 1933 vel
796 1898 1050 1934 intellexerunt
1072 1899 1130 1933 vel
1152 1900 1388 1933 mutaverunt.
1450 1899 1618 1944 Plerique

246 1951 482 1996 Bernaysium
505 1951 618 1986 secuti
638 1950 845 1994 flagitarunt
868 1950 1100 1985 sententiam:

352 2003 514 2038 eadem
545 2002 638 2037 ratio
670 2002 818 2037 distinet
848 2001 1000 2036 omnia
1030 2001 1107 2036 sive
1136 2011 1276 2036 omne.
1330 2000 1377 2036 At
1400 2002 1619 2049 „primordia

247 2055 323 2091 fere
346 2055 472 2091 eadem
502 2055 638 2089 caelum
671 2064 769 2089 mare
800 2056 916 2089 terras
938 2053 1083 2088 flumina
1105 2054 1216 2088 solem
1239 2053 1469 2101 constituunt,
1494 2055 1619 2090 eadem

247 2107 371 2152 fruges
393 2108 540 2142 arbusta
564 2103 786 2140 animantes“
810 2105 827 2139 I
850 2105 938 2140 820.
980 2105 1076 2150 Ergo
1099 2115 1169 2139 non
1192 2104 1350 2139 eadem
1372 2105 1463 2140 ratio
1486 2109 1522 2141 et
1544 2106 1618 2141 ani·

247 2159 356 2193 malia
387 2161 423 2193 et
455 2161 594 2193 ceteras
625 2167 684 2192 res
717 2156 874 2203 distinet,
909 2156 973 2191 sed
1007 2156 1254 2203 „quaedam
1281 2156 1372 2191 ratio
1395 2156 1621 2193 disterminat

248 2208 390 2246 omnia“
422 2206 484 2258 (cf.
516 2210 551 2244 II
583 2210 657 2243 373
691 2207 867 2253 quaedam
899 2205 1096 2256 distantia).
1126 2228 1176 2233 —
1207 2207 1263 2242 Ne
1294 2210 1415 2243 tamen
1446 2209 1484 2244 in
1507 2209 1620 2244 forma

248 2262 414 2297 mendum
446 2261 688 2306 relinquatur,
726 2260 946 2304 corrigamus
981 2270 1060 2294 cum
1093 2259 1267 2294 Lambino
1303 2280 1344 2284 —
1381 2260 1442 2304 qui
1477 2261 1620 2305 quidem

248 2312 425 2361 „eadem“
449 2312 663 2358 scripturam
686 2314 891 2357 corruptam
913 2322 983 2346 non
1005 2310 1208 2356 repudiavit
1230 2332 1279 2336 —

508 2364 684 2409 quaedam
706 2364 798 2399 ratio
821 2375 880 2399 res
901 2364 1070 2398 terminat
1092 2363 1217 2397 omnis.

354 2517 388 2555 1)
409 2516 449 2548 cf.
475 2516 518 2546 lV
541 2516 604 2546 655
633 2517 670 2546 ut
698 2515 821 2555 figurae
849 2517 884 2546 et
905 2516 1011 2546 motus
1034 2516 1068 2545 et
1089 2516 1221 2546 textura
1242 2514 1406 2553 differunt,
1428 2516 1476 2546 ita
1498 2517 1621 2549 distant

247 2557 454 2590 foramina
475 2559 517 2588 et
537 2557 634 2587 viae.
