1809 3046
821 192 1002 225 —g—

223 295 442 331 constituere
465 296 595 341 solent,
619 295 696 329 sive
718 295 940 330 accuratius:
976 295 1188 339 praesertim
1212 306 1290 330 cum
1314 294 1438 330 eadem
1460 297 1599 342 natura,

223 359 295 392 qua
324 346 384 382 hic
411 347 510 382 orbis
540 345 657 381 factus
680 349 756 392 est,
793 346 994 381 dominetur
1019 347 1056 381 in
1080 346 1247 382 universo
1271 350 1306 382 et
1326 346 1600 392 primordiorum

221 401 349 445 motus,
374 399 503 444 quibus
525 397 584 433 hic
606 397 704 433 orbis
727 397 940 433 constitutus
963 401 1037 443 est,
1069 398 1203 443 ubique
1225 399 1296 434 sint
1319 402 1354 434 et
1377 398 1519 434 omnino
1541 409 1599 434 res

222 461 372 494 magnas
403 450 547 486 efficere
577 451 729 485 soleant.
785 449 857 485 Sed
897 449 1128 485 difficultates
1156 449 1261 485 huius
1295 451 1365 486 loci
1394 461 1498 486 nemo
1528 461 1598 486 non

222 503 364 538 sentiet.
420 502 562 538 Etenim
584 502 711 537 modus
732 501 950 537 indicativus
973 500 1208 548 „coluerunt“
1233 502 1344 549 1061,
1369 502 1430 547 qui
1452 512 1598 548 respon-

222 554 283 589 det
305 554 533 589 antecedenti
566 553 639 600 „sit
660 552 802 589 factus“
828 553 939 600 1058,
972 556 1007 589 et
1030 553 1274 589 coniunctivus
1299 552 1472 601 „fierent“
1500 555 1598 589 1062

223 606 440 650 explicatum
459 605 520 640 vix
541 605 689 653 habent,
713 605 782 640 nisi
804 608 1033 641 arcessuntur
1063 616 1121 640 vv.
1146 605 1176 640 V
1198 605 1399 652 429—31,
1423 605 1496 652 ubi,
1520 616 1600 641 cum

222 661 343 693 cetera
365 657 437 692 sint
460 657 586 692 eadem
611 668 690 692 cum
712 658 747 691 II
773 657 917 691 1061-
928 657 990 703 63,
1018 667 1084 702 pro
1109 654 1341 704 „coluerunt“
1366 659 1422 692 est
1445 668 1598 703 „conve-

221 707 344 744 niant“
370 712 406 745 et
426 720 492 754 pro
512 708 689 755 „fierent“
717 707 865 756 „fiunt“,
890 719 983 754 quae
1006 708 1150 753 quidem
1173 708 1309 744 formae
1323 709 1361 744 in
1375 707 1469 744 hunc
1484 710 1599 744 locum

221 761 338 796 minus
381 761 552 798 videntur
593 760 784 805 quadrare.
838 782 886 786 —-
939 761 1239 805 Subsequentium
1283 771 1390 806 porro
1433 771 1600 797 versuum

274 874 387 908 quare
411 864 518 899 etiam
541 866 651 908 atque
675 863 781 898 etiam
804 863 922 898 talis
944 863 1084 899 fateare
1106 873 1255 899 necesse
1278 867 1334 899 cst

274 926 355 951 esse
377 915 500 951 alios
523 915 646 951 alibi
670 925 885 960 congressus
908 915 1085 963 materiai,

274 979 330 1012 qu
345 967 439 1003 alis
461 967 521 1002 hic
544 970 609 1014 est,
633 967 739 1002 avido
764 968 951 1012 complexu
975 978 1080 1012 quem
1103 970 1202 1003 tenet
1221 966 1348 1002 aether

221 1019 422 1055 sententiae
454 1018 546 1055 adeo
570 1021 776 1054 contractae
799 1022 893 1066 sunt,
916 1019 978 1054 vix
999 1022 1038 1055 ut
1061 1018 1249 1066 dispicias,
1283 1028 1375 1064 quae
1407 1018 1443 1053 in
1474 1018 1525 1054 eis
1547 1019 1598 1054 in-

222 1082 303 1107 esse
326 1072 537 1107 videantur:
564 1071 725 1119 „fateare
753 1081 903 1107 necesse
926 1074 981 1107 est
1003 1082 1083 1107 esse
1105 1071 1224 1107 alios
1247 1071 1364 1106 alibi
1387 1081 1600 1116 congressus

219 1124 396 1169 materiai,
433 1127 472 1159 ut
507 1123 694 1168 probabile
730 1123 776 1158 sit
811 1123 953 1158 etiam
989 1124 1112 1159 tales
1145 1123 1232 1158 alibi
1263 1134 1354 1169 esse,
1391 1123 1507 1167 qualis
1542 1123 1601 1158 hic

219 1179 274 1211 est
298 1202 306 1211 .
337 1202 345 1211 .
371 1202 380 1210 .
399 1175 432 1222 “,
474 1175 543 1210 nisi
573 1175 767 1210 contuleris
800 1186 858 1210 vv.
889 1175 921 1210 V
956 1175 1155 1222 187-94,
1187 1174 1247 1210 ubi
1279 1174 1478 1209 simillimae
1509 1175 1600 1210 bene

220 1227 509 1272 distinguuntur:
533 1226 729 1272 primordia
755 1238 798 1262 ex
820 1225 956 1262 infinito
979 1227 1048 1262 iam
1071 1230 1232 1272 tempore
1260 1228 1476 1262 consuerunt
1512 1253 1521 1262 .
1551 1253 1559 1262 .
1591 1253 1599 1262 .

220 1280 369 1314 omnia
405 1281 752 1323 pertemptare,
791 1289 1113 1323 quaecumque
1149 1279 1243 1313 inter
1279 1289 1317 1313 se
1339 1280 1488 1323 possent
1517 1289 1599 1313 con-

220 1341 346 1376 gressa
369 1341 505 1376 creare,
534 1332 579 1365 ut
604 1340 688 1364 non
716 1329 779 1365 sit
806 1330 987 1376 mirum,
1017 1330 1058 1365 si
1080 1330 1116 1364 in
1139 1330 1223 1365 talis
1246 1329 1480 1374 disposituras
1503 1329 1598 1365 deci-

220 1383 349 1418 derunt
385 1393 527 1427 quoque
551 1409 559 1417 .
585 1409 593 1417 .
618 1408 653 1428 .,
690 1382 856 1426 qualibus
891 1381 983 1417 haec
1019 1392 1136 1417 rerum
1173 1382 1309 1427 geritur
1342 1392 1436 1417 nunc
1463 1392 1599 1417 summa

219 1434 387 1470 novando
409 1434 433 1469 i.
450 1444 481 1469 e.
502 1434 532 1468 si
555 1433 675 1469 hunc
704 1444 889 1478 quoque
911 1436 1044 1469 statum
1068 1434 1255 1469 effecerint,
1275 1431 1328 1482 (in
1350 1434 1373 1468 l.
1397 1434 1432 1468 II
1459 1436 1596 1469 autem:

218 1489 257 1522 ut
279 1497 351 1522 non
373 1486 419 1521 sit
441 1486 580 1532 mirum,
604 1486 634 1521 si
657 1486 775 1521 alibi
798 1496 979 1530 quoque
1001 1486 1096 1521 idem
1112 1488 1227 1521 status
1242 1482 1444 1534 efficiatur).
1467 1486 1598 1521 Forma

219 1539 363 1583 quidem
396 1549 441 1573 ex
470 1538 538 1572 hoc
569 1538 648 1572 loco
679 1548 749 1572 non
782 1538 995 1582 deprompta
1026 1542 1100 1584 est,
1135 1538 1261 1582 iniqua
1282 1540 1402 1572 tamen
1427 1538 1598 1573 orationis

219 1590 379 1626 brevitas
406 1589 475 1624 nisi
497 1589 603 1624 fallor
624 1588 708 1624 inde
728 1591 807 1624 orta
830 1592 903 1635 est,
942 1588 1038 1633 quod
1060 1592 1189 1634 poetae
1212 1599 1290 1624 cum
1313 1589 1403 1624 haec
1425 1589 1599 1624 scriberet

219 1642 282 1676 illa
297 1641 595 1677 obversabantur.
612 1661 662 1665 —
677 1641 790 1676 Paulo
813 1644 894 1685 post
915 1640 980 1675 hos
999 1652 1057 1676 vv.
1081 1641 1117 1675 in
1136 1641 1262 1676 eodem
1280 1640 1432 1676 embolio
1446 1641 1481 1675 H
1498 1641 1599 1675 1090

218 1704 298 1739 sqq.
322 1695 486 1729 naturam
509 1703 580 1728 non
603 1692 690 1727 deos
713 1692 832 1727 omnia
854 1691 1028 1737 perficere
1051 1692 1272 1737 argumentis
1295 1691 1483 1739 evincitur,
1505 1703 1597 1737 quae

217 1746 279 1781 VI.
315 1745 389 1780 387
423 1756 504 1790 sqq.
537 1744 588 1780 sic
618 1744 888 1780 discernuntur:
917 1744 1058 1789 Jupiter
1085 1748 1193 1790 atque
1221 1744 1281 1780 alii
1305 1744 1363 1780 dei
1392 1744 1421 1779 si
1449 1743 1598 1780 fulmina

217 1798 372 1844 mittunt,
396 1808 459 1832 cur
481 1800 607 1841 petunt
629 1797 681 1831 eis
704 1796 881 1843 innoxios,
904 1797 983 1831 loca
1005 1797 1093 1841 sola,
1116 1797 1257 1832 maria?
1285 1809 1331 1831 an
1353 1800 1426 1831 tum
1450 1796 1597 1832 brachia

217 1849 484 1884 consuescunt?
499 1845 660 1897 (—405)
677 1848 736 1892 qui
752 1850 870 1883 autem
885 1848 999 1893 possit
1009 1848 1150 1893 Jupiter
1163 1849 1200 1883 in
1214 1849 1343 1884 multas
1359 1846 1462 1883 simul
1475 1851 1596 1892 partes

216 1901 360 1936 mittere
396 1900 573 1936 fulmina?
604 1897 817 1949 (411—16)
857 1911 920 1935 cur
955 1900 1109 1945 denique
1143 1903 1268 1936 sancta
1304 1899 1409 1936 deum
1446 1900 1595 1936 delubra

216 1964 371 1998 suasque
395 1952 501 1989 sedes
524 1953 672 1988 fulmine
701 1951 875 1988 discutit?
903 1949 1129 2002 (417—20).
1196 1953 1297 1988 Haec
1319 1952 1438 1988 omnia
1456 1952 1492 1987 in
1516 1954 1538 1988 l.
1562 1954 1596 1988 II

215 2016 287 2040 una
308 2005 376 2039 hac
398 2005 549 2049 periodo
574 2003 942 2048 comprehenduntur:
968 2004 1068 2048 quis
1092 2015 1263 2039 summam
1285 2004 1448 2039 immensi
1470 2014 1599 2049 regere

216 2056 345 2102 potis
368 2060 461 2103 est,
492 2056 571 2101 quis
595 2057 715 2092 caelos
737 2066 860 2091 omnes
876 2059 1087 2091 convertere
1114 2059 1150 2091 et
1172 2059 1287 2091 terras
1310 2056 1454 2101 ignibus
1477 2056 1598 2093 suffire

215 2110 297 2143 inve
321 2108 485 2144 omnibus
507 2108 596 2144 locis
619 2108 714 2143 omni
738 2110 899 2152 tempore
914 2111 1060 2152 praesto
1077 2119 1169 2155 esse,
1192 2112 1231 2143 ut
1252 2109 1406 2143 nubibus
1428 2108 1597 2144 tenebras

216 2160 346 2206 faciat,
379 2163 471 2195 tum
499 2157 650 2195 fulmina
679 2159 798 2194 mittat
835 2162 870 2194 et
892 2159 992 2194 aedis
1021 2170 1130 2205 saepe
1153 2171 1264 2195 suas
1288 2160 1467 2195 disturbet
1499 2162 1535 2195 et
1560 2161 1597 2195 in

217 2213 361 2247 deserta
382 2212 557 2248 recedens
580 2212 721 2247 saeviat
743 2221 975 2247 exercens
997 2213 1157 2258 telum,
1182 2211 1277 2256 quod
1296 2222 1405 2256 saepe
1428 2215 1598 2248 nocentes

215 2264 392 2309 praeterit
423 2264 675 2309 exanimatque
707 2263 902 2308 indignos?
970 2263 1025 2298 Ne
1053 2264 1246 2308 suspiceris
1276 2264 1481 2299 Lucretium
1518 2275 1597 2299 cum

215 2317 267 2351 ita
281 2316 491 2361 loqueretur
514 2316 708 2351 nondum
732 2315 941 2351 distinxisse
963 2315 1240 2360 cogitationibus
1264 2316 1425 2361 singula:
1456 2326 1597 2363 „neque

215 2370 377 2412 potest
402 2378 492 2403 unus
515 2368 701 2412 Jupiter
723 2378 897 2402 summam
921 2377 1068 2414 regere,
1093 2378 1233 2414 neque,
1257 2366 1287 2403 si
1313 2370 1448 2414 posset,
1486 2378 1597 2403 suas

215 2419 320 2455 sedes
336 2419 556 2455 disturbaret
570 2422 631 2455 aut
646 2418 811 2454 innoxios
834 2421 977 2464 peteret
998 2422 1060 2455 aut
1082 2420 1162 2455 loca
1184 2420 1280 2467 sola3
1310 2430 1361 2455 an
1385 2422 1459 2455 tum
1483 2420 1595 2456 lacer-

216 2475 271 2507 tos
300 2483 379 2507 eum
402 2472 542 2507 firmare
570 2470 732 2516 putas“?
785 2471 878 2507 Nam
901 2474 940 2507 ut
978 2471 1239 2508 demonstraret
1273 2475 1435 2507 naturam
1470 2483 1535 2517 per
1558 2484 1597 2508 se

215 2524 334 2558 omnia
370 2534 505 2570 creare,
545 2535 607 2558 cur
644 2526 895 2568 argumentum
932 2533 951 2557 e
984 2523 1190 2558 fulminibus
1212 2524 1337 2569 petiit,
1375 2534 1453 2558 cum
1486 2525 1598 2559 multa

213 2574 393 2612 mirabilia
414 2574 576 2614 homines
599 2575 770 2612 divinitus
795 2573 873 2610 fieri
896 2574 1139 2625 arbitrentur,
1176 2575 1244 2610 nisi
1268 2575 1304 2611 in
1327 2575 1349 2611 l.
1375 2575 1434 2623 VI,
1459 2575 1519 2612 ubi
1551 2575 1596 2612 de
