1809 3046
819 180 1026 216 -14-

232 282 380 316 Lachm.
412 282 612 316 Bentleium
643 285 785 317 secutus
825 282 959 318 delevit
991 284 1110 327 priore
1140 283 1218 316 loco
1255 282 1337 317 libri
1367 283 1435 329 VI,
1480 283 1606 317 Mum-o

234 333 340 368 etiam
371 334 497 368 altero.
551 334 617 368 Illo
641 334 735 368 enim
766 345 836 369 non
867 334 972 369 modo
1000 345 1072 369 non
1108 334 1348 382 requiruntur,
1385 335 1449 370 sed
1481 334 1606 369 similis

234 385 341 419 etiam
365 385 546 420 antecedit
561 386 752 432 sententia,
777 389 815 421 ut
827 396 942 431 paene
957 386 1081 430 inepta
1096 385 1227 421 evadat
1240 387 1455 431 tautologia:
1482 386 1605 433 „igno-

232 437 350 472 rantia
373 447 562 472 causarum
599 438 696 482 cogit
731 448 789 472 res
823 439 870 473 ad
907 438 1094 482 imperium
1130 437 1274 472 deorum
1305 438 1485 484 conferre,
1519 448 1607 482 quas

233 488 355 523 divino
381 488 526 523 numine
551 488 629 523 fieri
656 488 816 524 rentur“.
860 486 937 532 Quo
960 488 999 523 fit
1019 488 1207 533 probabile
1230 488 1523 525 antecedentibus
1547 499 1608 524 eos

234 543 417 585 tamquam
440 541 575 576 similes
598 541 779 585 appositos
802 551 892 586 esse,
916 540 1125 585 praesertim
1146 551 1224 576 cum
1246 541 1359 576 maior
1381 541 1487 577 etiam
1511 541 1606 577 simi·

234 592 346 627 litudo
369 592 514 627 intersit
544 593 637 627 inter
668 593 761 627 hunc
793 593 906 626 locum
930 594 966 627 et
1000 603 1079 627 eum
1103 592 1163 636 qui
1189 595 1244 627 est
1266 592 1303 627 in
1326 593 1417 627 libro
1439 593 1476 639 I,
1513 593 1607 628 unde

234 644 368 688 sumpti
392 643 559 679 videntur
581 654 676 690 esse3
705 642 929 678 conferamus
952 643 1045 678 enim

287 697 335 731 VI
350 696 401 730 50
415 707 495 741 sqq.
521 707 612 740 quae
634 695 712 730 fieri
733 695 769 729 in
792 695 897 731 terris
921 697 1093 740 caeloque
1114 698 1258 731 tuentur
1283 692 1286 743 Ι
1311 696 1479 731 mortales
1503 722 1511 731 .
1537 722 1545 731 .
1570 721 1604 742 .‚

517 747 606 782 haec
628 747 764 781 faciunt
786 747 923 782 animos
944 747 1086 782 humilis
1109 747 1298 791 formidine
1323 747 1442 782 divom
1465 774 1474 783 .
1499 774 1507 782 .
1532 773 1541 782 .

289 803 327 833 et
364 799 378 833 1
405 799 475 833 151
514 799 564 833 ita
585 798 738 833 formido
761 799 921 833 mortalis
943 799 1101 834 continet
1126 826 1134 833 .
1160 826 1168 834 .
1193 825 1227 845 .,

519 850 615 893 quod
636 851 747 884 multa
769 850 805 883 in
829 850 934 884 terris
956 850 1034 885 fieri
1056 851 1227 893 caeloque
1246 852 1400 884 tuentur.

339 901 403 934 Vv.
444 900 505 934 90.
540 901 558 933 1
601 900 746 934 Lachm.
784 902 907 934 censet
951 900 1161 935 substitutos
1197 910 1275 935 esse
1311 899 1606 935 antecedentibus

234 951 409 997 85—89,
445 962 535 995 quos
564 951 599 986 h.
629 952 652 986 1.
685 951 848 996 primitus
880 952 1033 996 scriptos
1055 955 1181 996 postea
1203 952 1358 986 maxima
1389 952 1532 996 quidem
1563 962 1608 986 ex

232 1007 336 1046 parte
369 1006 452 1046 post
485 1014 519 1037 V.
544 1003 618 1036 382
652 1004 845 1037 collocatos
875 1013 955 1037 esse
988 1003 1200 1047 suspicatur.
1253 1002 1309 1037 Ab
1340 1002 1409 1037 hac
1430 1003 1610 1038 sententia

234 1064 305 1088 non
329 1054 501 1088 recedere
522 1053 689 1089 videntur
712 1054 836 1088 Munro
861 1054 1092 1089 Neumanuus
1120 1053 1318 1100 Gneissius,
1349 1054 1418 1089 nisi
1441 1054 1537 1105 quod
1563 1055 1608 1090 ab

234 1106 494 1151 interpolatore
525 1105 666 1142 additos
697 1109 834 1151 putant.
889 1105 936 1142 At
967 1106 1132 1151 quoniam
1165 1109 1201 1142 et
1235 1105 1304 1151 ipsi
1337 1106 1397 1142 90.
1429 1106 1448 1140 1
1481 1108 1516 1142 et
1549 1106 1608 1151 qui

234 1158 453 1192 antecedunt
478 1158 635 1201 quinque
658 1158 703 1191 ad
726 1168 801 1191 rem
826 1159 1029 1203 pertinent,
1066 1157 1285 1192 Lachmanni
1317 1158 1493 1192 sententia
1523 1158 1608 1192 mihi

234 1209 378 1244 videtur
401 1209 633 1254 probabilior.
688 1209 821 1244 Dubito
854 1212 970 1244 tamen
1009 1220 1090 1244 num
1112 1209 1193 1245 illos
1216 1219 1341 1244 versus
1364 1220 1486 1245 omnes
1509 1209 1609 1244 iuxta

233 1262 317 1306 poni
342 1273 412 1295 non
435 1261 595 1305 potuisse
619 1265 717 1296 recte
754 1262 929 1296 statuerit.
984 1262 1129 1296 Priores
1161 1262 1254 1296 enim
1287 1262 1438 1296 dilatant
1468 1265 1608 1296 senten-

233 1313 316 1346 tiam
341 1312 613 1347 antecedentem
643 1313 695 1346 ita
721 1315 760 1346 ut
792 1313 992 1347 accuratius
1016 1312 1186 1347 definiant
1217 1313 1302 1356 quid
1336 1312 1533 1347 canendum
1564 1313 1610 1347 sit

234 1364 277 1399 de
301 1363 507 1399 fulminibus
538 1364 614 1399 sive
646 1374 738 1408 quae
770 1363 841 1399 sint
872 1364 935 1399 illa
957 1374 1087 1411 opera,
1125 1375 1276 1409 quorum
1299 1374 1425 1400 causas
1448 1364 1609 1399 homines

233 1416 356 1450 videre
385 1419 578 1460 nequeunt.
625 1416 662 1450 Si
687 1416 796 1460 igitur
819 1416 958 1450 omissis
982 1416 1053 1450 illis
1085 1428 1142 1450 VV.
1173 1417 1233 1450 90.
1266 1417 1284 1449 1
1310 1417 1401 1451 bene
1429 1416 1610 1460 excipiunt

233 1478 375 1502 versum
404 1468 466 1513 84,
495 1467 648 1502 servatis
676 1467 727 1501 eis
755 1467 925 1501 orationis
954 1467 1041 1502 ordo
1064 1478 1134 1502 non
1157 1467 1299 1502 videtur
1320 1467 1535 1512 perturbari.

337 1520 391 1553 De
415 1531 473 1554 vv.
504 1518 683 1553 383—85
709 1533 758 1549 -—-
782 1519 935 1553 87—89
960 1519 1005 1554 cf.
1027 1530 1088 1563 pg.
1113 1520 1175 1554 37.

334 1623 408 1657 Iam
432 1622 645 1657 accedamus
668 1621 714 1655 ad
738 1632 799 1656 eas
821 1621 1066 1668 repetitiones,
1092 1632 1184 1666 quae
1205 1625 1288 1667 post
1303 1620 1524 1656 Lachmanni
1547 1621 1607 1656 de-

232 1686 324 1709 mum
356 1677 510 1709 aetatem
543 1674 579 1707 in
616 1673 875 1709 dubitationem
911 1676 1062 1708 vocatae
1099 1676 1191 1708 sunt.
1246 1674 1364 1718 Atque
1395 1677 1433 1709 ut
1468 1673 1607 1708 initium

232 1726 370 1770 capiam
393 1727 438 1760 ab
469 1726 533 1771 eis,
558 1736 650 1768 quae
670 1724 755 1759 mihi
779 1725 923 1760 minime
946 1725 1114 1759 videntur
1135 1726 1268 1759 tentari
1290 1735 1418 1771 posse,
1455 1725 1608 1769 primum

232 1789 336 1823 agam
362 1778 405 1812 de
429 1777 500 1822 eis,
530 1787 622 1821 quae
646 1776 817 1811 orationis
853 1777 995 1811 vinculo
1032 1788 1110 1812 cum
1134 1776 1212 1821 ipso
1236 1777 1391 1812 carmine
1415 1776 1607 1821 colligatae

231 1834 324 1865 sunt.
380 1829 456 1864 Nec
479 1831 597 1864 tamen
621 1829 656 1863 in
680 1828 798 1863 auimo
823 1831 878 1863 est
900 1839 1022 1864 omnes
1045 1829 1173 1864 afferre
1196 1839 1274 1875 res,
1308 1840 1351 1864 ex
1379 1829 1507 1873 quibus
1530 1840 1604 1863 um-

232 1892 337 1925 quam
362 1880 516 1924 suspicio
540 1880 646 1914 ducta
669 1883 744 1926 est,
768 1880 831 1914 sed
854 1891 945 1924 quae
965 1880 1198 1925 offensiones,
1237 1880 1306 1915 etsi
1328 1882 1373 1916 ab
1397 1880 1477 1914 aliis
1501 1890 1605 1915 excu-

231 1936 333 1967 satae
361 1935 454 1978 sunt,
478 1942 607 1967 revera
629 1934 792 1977 exstant,
817 1942 878 1966 eas
901 1942 1091 1978 apponam,
1126 1932 1156 1967 si
1178 1931 1270 1967 forte
1299 1932 1382 1966 inde
1404 1932 1510 1967 sedes
1533 1931 1604 1976 pri-

231 1985 344 2019 maria
367 1984 538 2027 cuiusque
561 1994 686 2017 versus
710 1984 786 2018 erui
809 1983 932 2027 possit.
1193 2018 1201 2022 ,

335 2036 427 2070 Fere
451 2034 578 2069 eadem
600 2034 713 2078 igitur
734 2034 848 2068 forma
869 2036 1057 2069 recurrunt
1083 2045 1141 2069 vv.
1164 2034 1181 2068 I
1205 2035 1292 2069 635.
1318 2036 1339 2069 6
1379 2047 1423 2063 =
1471 2034 1557 2069 705.
1583 2035 1604 2068 6

283 2088 504 2132 quapropter
526 2086 586 2131 qui
609 2086 795 2121 materiem
818 2097 936 2121 rerum
959 2096 1039 2121 esse
1063 2088 1233 2130 putarunt

283 2140 404 2183 ignem
427 2142 534 2182 atque
558 2149 603 2173 ex
627 2138 703 2182 igni
726 2149 897 2173 summam
923 2138 1119 2173 consistere
1141 2138 1218 2173 solo

528 2186 619 2239 (706
644 2190 840 2225 consistere
863 2187 984 2238 posse)

284 2240 487 2290 (Gneissius
511 2242 676 2288 29—32,
700 2241 851 2277 Tohtius
874 2242 962 2288 546,
986 2241 1176 2287 Briegerus
1200 2242 1286 2277 202.
1303 2238 1354 2289 3).

232 2295 391 2339 Utroque
428 2295 506 2328 loco
542 2293 607 2328 hos
643 2304 767 2328 versus
803 2294 977 2337 genuinos
1018 2303 1098 2328 esse
1133 2293 1204 2327 iam
1232 2293 1291 2327 Br.
1328 2296 1426 2327 recte
1461 2294 1604 2327 demon-

232 2346 369 2381 stravit.
424 2344 619 2389 Respicere
642 2348 761 2379 autem
785 2344 990 2379 Lucretium
1006 2342 1035 2393 1)
1057 2345 1093 2379 in
1116 2344 1285 2380 inferiore
1308 2344 1385 2379 loco
1416 2344 1605 2380 scribendo

232 2398 453 2442 superiorem
485 2397 537 2432 ita
559 2399 599 2431 ut
621 2396 681 2431 ille
715 2397 818 2441 quasi
850 2397 1044 2432 clausulam
1067 2396 1389 2442 argumentationis
1413 2397 1604 2443 contineat,

232 2449 318 2484 mihi
341 2461 410 2484 non
432 2449 623 2494 persuasit.
678 2450 770 2483 Nam
793 2448 958 2483 transitio
989 2448 1168 2483 inferioris
1197 2448 1266 2483 loci
1288 2448 1444 2492 pertinet
1468 2459 1537 2483 non
1560 2449 1605 2482 ad

339 2559 372 2600 1)
392 2560 481 2591 velut
503 2560 516 2590 I
540 2559 601 2591 907
624 2559 788 2599 respicere
811 2559 938 2591 videtur
959 2569 1006 2590 vv.
1030 2559 1045 2589 I
1067 2559 1128 2591 817
1152 2568 1218 2598 sqq.
