1809 3046
853 170 1060 205 -32—

271 269 449 317 videntur,
483 272 567 316 quia
599 282 720 307 eorum
751 275 999 318 argumentum
1026 271 1217 309 antecedat
1238 273 1275 308 in
1296 283 1354 308 vv.
1377 272 1429 307 111
1452 271 1644 308 615—23.
1717 267 1719 269 ’

272 322 321 357 At
348 322 410 357 illo
432 324 511 358 loeo
532 325 770 368 probatur
802 325 956 360 animum
977 324 1014 359 in
1036 328 1194 372 pectore,
1227 336 1298 360 non
1320 324 1364 360 in
1379 324 1496 369 capite
1517 324 1644 359 aliisve

273 373 434 417 corporis
465 375 635 410 membris
667 376 788 423 gigni,
824 376 892 411 hoc
921 378 1040 411 autem
1070 377 1259 421 probatum
1290 378 1537 420 argumentum
1565 375 1644 410 ad-

271 424 465 460 hibetur
495 425 543 461 ad
572 426 825 463 confutandam
859 426 1196 472 metempsychosin.
1227 448 1277 454 —
1307 426 1364 462 Ab
1399 427 1451 463 eis
1479 437 1548 461 non
1573 426 1643 461 dis·

273 486 423 521 crepare
457 489 517 513 vv.
555 478 720 526 eoo—5,
759 480 887 524 quibus
921 490 986 524 per
1020 479 1138 514 iocum
1176 482 1329 524 negetur
1362 479 1517 514 animam
1551 488 1643 513 mor-

270 528 379 563 talem
409 539 488 565 esse
521 526 587 579 (ita
619 528 705 580 Gn.)
739 552 782 555 —
816 530 934 576 potius
964 530 1130 575 equidem
1162 531 1260 577 ipsos
1291 542 1349 566 vv.
1379 530 1546 577 800—5,
1573 541 1645 565 non

272 581 529 618 antecedentes
560 583 782 620 sustulissem
810 604 870 631 -,
900 586 939 618 ut
965 585 1159 631 appareat,
1191 582 1315 619 horum
1336 594 1509 619 summam
1535 583 1645 618 verbo

270 632 452 670 indicasse
493 635 583 671 satis
624 635 762 671 habeo:
807 636 956 671 mortale
1000 646 1079 670 cum
1113 638 1258 671 aeterno
1294 635 1443 679 iungere
1480 635 1645 678 desipere

272 687 340 732 est,
372 686 473 730 atqui
502 687 652 722 mortale
683 697 812 732 corpus
844 698 924 722 cum
954 687 1072 722 anima
1094 687 1251 722 iunctum
1281 690 1346 733 est,
1380 696 1466 731 ergo
1494 685 1647 720 anima

272 748 359 772 non
403 740 459 773 est
500 741 711 774 aeterna.
761 760 805 763 —
852 735 1001 788 (Similis
1045 739 1221 784 quaedam
1264 738 1527 784 argumentatio
1571 737 1647 773 erui

271 791 392 833 potest
423 800 442 824 e
474 801 533 824 vv.
564 790 600 824 II
624 790 725 825 1010
747 801 848 835 sqq.:
882 801 974 835 quae
999 790 1139 826 fluitant
1167 802 1238 826 non
1265 801 1376 835 penes
1399 793 1546 825 aeterna
1568 799 1644 824 cor-

271 851 361 885 pora
384 850 463 876 esse
485 843 647 888 possunt,
670 841 772 886 atqui
804 852 957 886 corpora
986 841 1102 886 prima
1132 844 1215 877 sunt
1243 844 1403 888 aeterna,
1435 851 1506 876 non
1534 840 1645 885 igitur

271 891 453 927 fluitantes
489 893 628 928 colores
662 903 775 938 penes
809 903 852 928 ea
888 903 967 928 esse
1002 890 1177 941 possunt).
1216 914 1266 919 —-
1302 893 1387 929 Sine
1418 892 1644 937 gravioribus

272 944 529 979 mutationibus
551 944 604 979 illi
625 955 685 979 vv.
708 944 744 979 in
766 945 791 979 l.
806 944 859 978 HI
881 944 1022 979 omnino
1045 955 1115 979 non
1138 955 1244 989 posse
1266 944 1344 980 tolli
1365 944 1453 979 mihi
1467 944 1643 979 videntur.

273 995 403 1040 Itaque
421 995 473 1030 ibi
496 1006 558 1031 eos
579 996 745 1041 primitus
768 996 883 1032 locum
905 996 1074 1032 habuisse
1096 996 1216 1032 credo.
1259 996 1313 1031 Ac
1330 996 1451 1031 nescio
1474 1006 1521 1031 an
1539 996 1647 1030 liceat

274 1047 439 1083 conicere
471 1048 678 1083 Lucretium
707 1048 743 1082 in
776 1049 799 1083 1.
833 1049 863 1083 V
894 1048 931 1083 in
962 1048 1088 1083 miram
1117 1048 1215 1083 illam
1248 1047 1522 1093 argumentandi
1551 1047 1645 1082 viam

274 1098 478 1146 devenisse,
502 1100 588 1144 quia
609 1099 705 1135 illius
723 1100 925 1145 argumenti
944 1099 1155 1147 meminerit,
1179 1101 1274 1144 quod
1296 1100 1332 1134 in
1353 1101 1377 1135 l.
1396 1100 1449 1134 ΙΠ
1470 1099 1518 1134 ad
1539 1098 1646 1134 aliam

276 1150 420 1195 quidem
443 1161 518 1186 rem
541 1150 716 1187 adhibuit.
752 1152 871 1187 Verbo
894 1151 1068 1187 adnotare
1090 1152 1214 1188 licebit
1235 1152 1315 1187 illos
1336 1163 1395 1187 vv.
1419 1152 1456 1186 in
1477 1152 1501 1186 l.
1522 1151 1553 1186 V
1575 1161 1645 1185 non

273 1203 379 1237 modo
402 1203 439 1236 in
460 1203 660 1247 posteriore
682 1203 774 1238 libro
797 1203 862 1238 sed
884 1203 1003 1250 etiam,
1027 1204 1060 1239 si
1081 1203 1225 1248 quidem
1243 1202 1511 1238 Lachmannum
1528 1202 1645 1246 sequi-

272 1264 361 1301 mur,
385 1256 524 1299 partem
546 1253 690 1290 embolii
713 1264 804 1290 esse.

355 1315 738 1403 vsffiigterstimmines
771 1317 867 1352 docti
898 1317 934 1351 in
967 1317 1128 1352 diversas
1157 1316 1345 1351 discedunt
1374 1316 1569 1351 sententias
1600 1316 1646 1351 de

272 1379 332 1403 vv.
489 1388 535 1393 -—
597 1370 615 1402 1

649 1431 828 1465 419—22
855 1445 904 1461 z
926 1431 943 1465 Ι
988 1431 1193 1465 1021-24

648 1482 827 1517 422-26
851 1496 902 1513 =
925 1483 957 1517 V
988 1483 1164 1517 187—91

702 1534 778 1569 428
854 1548 904 1565 Ξ
927 1534 944 1569 Ι
988 1535 1086 1569 1026

650 1586 830 1621 429--31
855 1601 905 1618 z
928 1586 963 1621 II
989 1587 1191 1621 1061—63

626 1645 713 1696 (Gn.
738 1649 799 1696 72,
822 1649 887 1684 To.
913 1648 1001 1695 551,
1026 1649 1085 1684 ΒΓ.
1111 1645 1214 1697 207).

273 1710 442 1755 Plerique
473 1710 567 1745 enim
597 1710 834 1755 Forbigerum
865 1710 977 1746 secuti
999 1711 1170 1750 lectorem
1200 1709 1378 1755 quendam
1409 1712 1557 1744 censent
1586 1719 1648 1744 eos

273 1762 311 1796 in
343 1762 367 1797 l.
396 1762 427 1796 V
455 1772 499 1796 ex
521 1761 672 1805 singulis
708 1762 876 1797 carminis
902 1762 1066 1806 partibus
1094 1762 1383 1807 consarcinasse;
1414 1760 1645 1795 Neumannus

274 1815 402 1848 contra
429 1824 449 1848 e
470 1813 495 1847 l.
519 1813 550 1848 V
575 1823 637 1849 eos
669 1815 858 1858 excerptos
890 1816 925 1849 et
957 1813 994 1848 in
1025 1813 1185 1858 singulas
1206 1816 1329 1858 partes
1350 1813 1542 1848 translatos
1564 1822 1644 1848 esse

275 1866 522 1900 demonstrare
545 1865 686 1912 studet;
708 1865 768 1900 Br.
793 1865 949 1910 denique
970 1868 1115 1910 poetam
1136 1865 1251 1909 ipsum
1273 1864 1408 1900 iudicat
1430 1874 1491 1899 eos
1513 1864 1550 1898 in
1572 1864 1595 1899 l.
1613 1864 1645 1898 V

273 1919 401 1962 postea
422 1917 628 1963 inseruisse,
651 1917 717 1952 sed
738 1919 928 1961 postquam
950 1928 1008 1952 vv.
1028 1917 1206 1951 184—94
1228 1914 1341 1965 (ipsos
1364 1925 1505 1960 quoque
1520 1918 1646 1959 postea

272 1966 446 2018 intextos)
468 1968 686 2016 scripsisset,
709 1979 771 2004 eos
793 1971 1009 2004 mutaturum
1031 1967 1153 2004 fuisse.
1178 1989 1227 1993 —
1249 1969 1325 2004 Nos
1351 1970 1390 2003 ut
1416 1978 1491 2003 rem
1516 1967 1642 2003 diiudi-

273 2032 407 2068 cemus,
443 2021 595 2066 primum
626 2021 787 2066 singulas
818 2024 942 2066 partes
975 2032 1039 2057 suo
1062 2032 1240 2066 quamque
1263 2022 1353 2067 loco,
1383 2020 1512 2055 deinde
1533 2023 1643 2055 totam

274 2074 556 2118 complexionem
577 2073 824 2108 tractabimus.

378 2135 395 2169 I
421 2133 626 2169 1021—24
649 2138 684 2170 et
706 2135 755 2169 26
893 2163 906 2169 -

450 2198 533 2222 nam
564 2190 661 2222 certe
693 2197 810 2232 neque
836 2186 985 2222 consilio
1008 2186 1204 2232 primordia
1226 2197 1342 2221 rerum

451 2238 576 2274 ordine
600 2249 639 2274 se
658 2250 722 2274 suo
745 2249 909 2284 quaeque
932 2239 1055 2284 sagaci
1077 2242 1197 2274 mente
1219 2239 1381 2274 locarunt

452 2301 520 2326 nec
543 2301 632 2336 quos
655 2302 819 2337 quaeque
842 2291 971 2327 darent
993 2294 1111 2327 motus
1133 2290 1306 2336 pepigere
1327 2290 1502 2338 profecto,

453 2343 517 2378 sed
540 2343 625 2388 quia
646 2345 759 2379 multa
780 2343 895 2378 modis
917 2343 1036 2379 multis
1058 2345 1197 2378 mutata
1218 2354 1284 2388 per
1305 2354 1410 2379 omne

329 2394 428 2430 1025
452 2392 514 2444 (ex
535 2394 672 2430 infinito
694 2398 871 2431 vexantur
893 2395 1033 2440 percita
1054 2392 1187 2444 plagis)

452 2458 555 2482 omne
577 2458 691 2492 genus
714 2449 832 2482 motus
855 2450 891 2483 et
913 2453 1035 2482 coetus
1058 2447 1278 2492 experiundo

451 2496 614 2548 (tandem
637 2497 833 2535 deveniunt
855 2500 892 2535 in
913 2500 997 2536 talis
1020 2499 1269 2547 disposituras,

453 2551 619 2597 qualibus
641 2552 731 2588 haec
754 2562 872 2588 rerum
895 2552 1059 2589 consistit
1086 2562 1222 2587 summa
1245 2549 1395 2600 creata).
