1809 3046
818 171 1020 204 „22—

229 272 402 318 perfacile
425 271 605 315 extemplo
626 271 802 306 rationem
824 270 977 306 reddere
999 270 1128 317 possis,
1152 281 1215 306 cur
1236 273 1273 307 et
1295 282 1330 316 q.
1353 282 1408 316 sq.
1447 272 1602 316 Propter

231 323 444 358 sententiam
466 332 511 357 ne
534 321 603 356 hoc
625 321 769 366 quidem
790 322 870 356 loco
891 321 978 356 mihi
999 322 1167 357 videntur
1186 323 1338 358 molesti.
1391 323 1484 358 Nam
1507 322 1602 366 quod

231 375 299 411 Gn.
324 372 507 409 contendit
543 372 615 420 „ad
651 373 789 408 colores
817 372 1009 409 variandos
1038 384 1110 409 non
1140 376 1296 410 motuum
1328 374 1601 420 primordiorum

229 426 376 472 referre,
398 425 462 460 sed
479 424 616 461 formae
631 429 669 460 et
683 424 819 460 ordinis
834 423 980 460 eorum“
1000 446 1043 449 —
1062 429 1315 472 praeterquam
1329 426 1425 472 quod
1438 426 1507 463 hoc
1520 426 1601 461 sub-

228 478 325 513 tilius
341 477 583 520 excogitatum
597 480 663 523 est,
687 476 855 521 quoniam
870 477 1018 522 colores,
1043 477 1073 511 si
1088 480 1221 513 mutato
1244 478 1369 513 ordine
1391 478 1603 523 primordio-

227 540 305 564 rum
336 529 533 574 variantur,
566 526 693 563 horum
724 530 821 562 motu
851 527 985 562 variari
1016 527 1087 563 dici
1117 528 1202 564 licet
1232 549 1282 554 -—
1311 528 1488 565 refellitur
1524 529 1603 574 ipso

229 581 404 625 exemplo,
428 590 498 624 quo
516 580 629 614 utitur
643 579 750 614 Lucr.
767 590 816 614 sc.
836 579 931 624 quod
951 590 1050 614 mare
1070 580 1187 615 ventis
1210 584 1421 616 commotum
1442 581 1603 616 albescat

230 629 291 680 (cf.
314 628 418 679 766).
447 632 526 666 Hoc
548 634 667 667 autem
686 632 887 675 exemplum
906 631 957 666 ita
977 642 1056 666 cum
1075 632 1369 668 antecedentibus
1387 632 1548 676 iungitur
1565 635 1605 667 ut

230 695 275 720 ex
305 683 358 719 eis
384 682 489 718 fidem
514 682 621 718 ducat
652 679 846 731 (757—71
876 682 907 718 si
934 681 1127 727 primordia
1154 683 1295 719 variant
1326 685 1463 719 colores
1484 694 1604 718 rerum

230 738 423 781 propterea
446 734 542 779 quod
566 761 574 769 .
601 761 609 769 .
635 761 669 780 .,
698 733 872 778 perfacile
899 734 1075 770 rationem
1096 734 1248 771 reddere
1269 736 1397 782 possis,
1427 746 1490 771 cur
1511 745 1543 770 e.
1567 746 1603 779 g.

231 798 275 823 ea
297 797 389 831 quae
411 786 517 830 nigra
540 788 622 820 sunt
641 788 790 829 repente
812 785 967 821 candida
988 785 1102 834 fiant).
1146 786 1271 822 Liceat
1291 787 1405 832 ipsam
1424 796 1605 832 apponere

232 837 523 883 explicationem:
555 836 675 871 dicere
705 836 822 880 possis
856 857 900 861 —
933 837 1056 881 inquit'
1073 858 1116 862 —
1142 838 1284 882 nigrum
1308 839 1405 883 quod
1431 838 1605 885 videmus,

230 891 261 925 si
284 889 452 924 materies
475 888 710 932 permiscetur
733 890 769 923 et
790 888 878 922 ordo
912 888 1167 932 principiorum
1193 892 1351 924 mutatur
1373 892 1410 925 et
1432 889 1608 934 quaedam

229 941 411 976 adduntur
432 943 541 983 atque
563 938 773 986 demuntur,
804 939 971 974 continuo
1003 939 1080 975 fieri
1102 942 1141 975 ut
1163 940 1320 976 candens
1342 941 1533 985 albumque
1554 941 1606 975 vi-

230 993 371 1028 deatur.
427 991 516 1034 Quis
538 1001 672 1035 quaeso
697 990 893 1038 „perfacile
920 990 1124 1036 extemplo“
1147 1002 1222 1027 rem
1246 992 1297 1027 ita
1319 992 1388 1027 sibi
1410 994 1530 1028 mente
1552 992 1604 1026 in-

229 1044 386 1080 formare
419 1042 555 1089 possit,
587 1043 619 1078 si
647 1042 893 1077 tantummodo
926 1041 1058 1083 dictum
1090 1046 1157 1088 est·
1175 1043 1371 1088 primordia
1401 1044 1482 1088 ipsa
1509 1044 1605 1079 nullo

231 1096 351 1132 colore
373 1094 541 1140 praedita
554 1094 698 1129 variare
714 1095 850 1129 colores
873 1105 917 1129 ex
932 1094 1089 1139 ipsorum
1104 1095 1213 1130 variis
1228 1094 1350 1131 formis
1366 1092 1606 1143 (757—59)?

230 1149 341 1182 Immo
377 1146 408 1182 si
444 1147 515 1181 scis
552 1146 672 1190 magni
708 1145 844 1180 referre
872 1146 919 1179 ad
946 1146 1138 1181 variandos
1167 1148 1315 1193 colores,
1345 1147 1481 1182 semina
1508 1157 1605 1181 cum

229 1198 404 1243 quibus
446 1200 481 1232 et
522 1196 647 1241 quali
690 1196 911 1241 positura
952 1196 1200 1233 contineantur
1233 1201 1269 1233 et
1309 1208 1424 1242 quos
1459 1200 1605 1233 motus

229 1251 325 1285 inter
371 1260 410 1284 se
444 1249 529 1284 dent
553 1248 820 1294 accipiantque,
861 1250 933 1282 tum
968 1248 1104 1292 poteris
1139 1249 1315 1293 suspicari
1341 1260 1439 1284 mare
1464 1250 1605 1294 nigrum

227 1301 306 1337 fieri
341 1300 522 1345 candens,
552 1299 636 1343 quia
669 1299 890 1334 materies
920 1299 1267 1342 permisceatur
1298 1302 1334 1335 et
1364 1299 1451 1335 ordo
1480 1300 1604 1345 prin-

229 1352 453 1398 cipiorum
486 1353 689 1386 mutetur
717 1353 752 1386 et
779 1350 955 1396 quaedam
985 1350 1216 1387 addantur
1247 1354 1389 1397 atque
1420 1352 1603 1387 deman-

229 1409 315 1441 tur.
367 1404 467 1448 Quae
490 1403 521 1438 si
542 1403 750 1449 probantur,
773 1414 831 1438 vv.
857 1403 901 1438 de
924 1403 1052 1448 quibus
1076 1403 1238 1450 dicimus,
1261 1416 1283 1439 a
1304 1405 1383 1439 loco
1404 1415 1475 1439 non
1497 1404 1605 1440 alieni

228 1457 406 1492 videntur.
463 1455 568 1498 Quod
605 1455 773 1499 quoniam
809 1454 1001 1501 evicimus,
1040 1466 1110 1490 non
1147 1455 1408 1491 dissimulamus
1441 1467 1502 1491 eos
1533 1467 1604 1491 non

229 1518 376 1554 prorsus
399 1506 662 1552 vituperatione
687 1516 823 1541 carere.
856 1506 950 1541 Nam
972 1517 1043 1541 non
1058 1507 1243 1542 variantur
1257 1508 1394 1542 colores
1413 1510 1606 1552 propterea

230 1561 325 1605 quod
355 1559 477 1604 magni
508 1557 678 1604 refert,
710 1558 848 1593 semina
879 1568 957 1593 cum
991 1558 1119 1602 quibus
1143 1585 1151 1593 .
1177 1585 1185 1594 .
1211 1585 1219 1594 .
1243 1559 1510 1606 contineantur,
1541 1559 1605 1594 sed
1674 1568 1679 1576 ’·

231 1623 273 1647 eo
304 1610 401 1656 quod
432 1613 532 1645 certa
563 1609 738 1654 quaedam
777 1620 856 1644 cum
878 1609 935 1644 his
957 1613 1018 1644 aut
1039 1610 1111 1645 illis
1133 1611 1451 1645 continentur.
1506 1611 1606 1645 Haec

228 1667 347 1699 tamen
376 1662 548 1698 orationis
570 1661 740 1705 iniquitas
762 1663 904 1705 poetam
927 1661 1033 1696 facile
1055 1661 1181 1706 fugere
1207 1662 1341 1708 potuit,
1375 1662 1407 1697 si
1438 1662 1519 1697 illos
1545 1673 1604 1697 vv.

230 1714 403 1750 memoria
416 1714 582 1760 tenebat3
606 1723 722 1757 neque
743 1713 885 1748 omnino
900 1713 1013 1748 maior
1028 1716 1082 1749 est
1100 1724 1205 1758 quam
1217 1724 1260 1749 ea
1270 1713 1365 1758 quod
1375 1713 1505 1749 dicitur
1519 1725 1549 1749 e.
1566 1725 1601 1758 g.

228 1768 244 1802 I
275 1767 349 1801 503
388 1777 466 1810 sqq.
513 1765 680 1810 quoniam
733 1764 866 1809 duplex
901 1767 1031 1800 natura
1065 1776 1184 1800 rerum
1220 1765 1402 1801 dissimilis
1438 1768 1602 1801 constare

228 1820 492 1864 repertast,
530 1827 634 1852 esse
674 1818 864 1861 utramque
900 1816 968 1853 sibi
1003 1828 1069 1862 per
1105 1828 1144 1853 se
1176 1828 1372 1863 puramque
1407 1820 1602 1853 necessest.

228 1871 278 1906 IV
310 1871 384 1905 239
417 1880 535 1905 nunc
565 1880 608 1904 ea
636 1879 729 1913 quae
757 1869 837 1903 dico
868 1880 986 1904 rerum
1022 1870 1212 1904 simulacra
1247 1868 1467 1904 feruntur
1501 1868 1603 1904 undi-

230 1933 299 1967 que
324 1949 332 1957 .
358 1949 367 1957 .
393 1949 428 1968 .,
463 1931 555 1965 quae
586 1920 766 1955 sententia
797 1919 980 1955 efferenda
1010 1923 1087 1955 erat
1116 1920 1163 1955 ad
1203 1921 1403 1965 exemplum
1437 1930 1603 1955 versuum

228 1974 278 2009 IV
303 1974 390 2008 673.
420 1973 444 2007 4
467 1969 577 2021 (nunc
599 1982 668 2016 age
692 1999 700 2007 .
726 1998 734 2007 .
761 1999 769 2007 .
792 1968 914 2021 agam)
941 1971 1017 2007 sive
1039 1973 1090 2008 IV
1114 1973 1200 2007 110.
1227 1973 1272 2007 11
1303 1969 1412 2021 (nunc
1433 1983 1502 2018 age
1527 1999 1535 2007 .
1561 1999 1569 2007 .
1595 1999 1603 2007 .

228 2022 405 2073 percipe).
434 2044 486 2049 ——
514 2024 613 2068 Ergo
641 2023 708 2058 hoc
741 2034 882 2068 quoque
911 2025 990 2058 loco
1012 2024 1093 2059 illos
1114 2035 1173 2059 vv.
1196 2024 1395 2070 tuebimur3
1426 2024 1490 2059 sed
1518 2035 1603 2068 quo-

229 2078 325 2112 niam
354 2077 470 2122 primo
503 2086 572 2120 quo
605 2077 747 2110 exstant
778 2074 1007 2110 difficultates
1038 2086 1108 2111 uon
1138 2077 1323 2123 praebent,
1359 2075 1410 2111 ibi
1440 2075 1604 2121 primitus

230 2129 396 2165 videntur
439 2128 565 2175 positi,
612 2137 678 2162 nec
722 2138 809 2163 vero
847 2148 897 2153 —
937 2127 975 2163 id
1015 2127 1111 2173 quod
1152 2127 1220 2164 Gn.
1264 2130 1368 2173 putat
1403 2148 1451 2153 —
1490 2138 1510 2163 e
1545 2139 1603 2162 vv.

231 2183 265 2216 II
292 2181 469 2215 1007—9
495 2179 709 2225 deprompti.

281 2233 298 2267 Ι
321 2233 410 2267 820.
436 2233 483 2266 21
510 2231 586 2267 fere
609 2244 659 2261 z
681 2231 715 2265 II
741 2230 854 2266 1015.
881 2231 928 2265 16

281 2284 494 2320 1823-—26
507 2284 601 2318 :11
618 2283 797 2318 688-91

621 2334 708 2369 692.
753 2334 1010 2370 94:11336.
1029 2335 1110 2369 7:
1124 2335 1210 2369 723.
1227 2335 1250 2368 4

1121 2385 1208 2422 725.
1224 2387 1245 2421 6
1258 2386 1367 2422 :IV
1383 2387 1469 2421 649.
1486 2385 1537 2420 50

337 2436 423 2487 (Gn.
448 2440 495 2474 51
521 2451 614 2486 sqq.,
644 2439 711 2474 To.
736 2438 824 2485 550,
846 2439 907 2474 ΒΓ.
933 2435 1035 2487 205).
1119 2453 1168 2469 z
1193 2439 1326 2474 V441.
1342 2438 1556 2473 2:1633.
1572 2438 1607 2473 4.

231 2491 457 2527 Democritus
488 2494 527 2527 ut
559 2491 730 2537 probaret
762 2500 821 2525 res
844 2490 974 2525 mutari
1003 2488 1104 2534 τάξει
1138 2493 1174 2525 et
1196 2492 1301 2525 θέσει
1321 2489 1608 2538 primordiorum,

232 2543 318 2578 oriri
353 2545 475 2578 autem
511 2546 546 2579 et
581 2543 727 2578 interire
765 2553 888 2577 eorum
922 2545 1107 2589 συγκρίσει
1145 2544 1182 2577 et
1217 2539 1408 2589 διακρίσει,
1445 2541 1609 2586 exemplo
