1809 3046
933 216 1140 251 —56—

346 315 424 367 (pg.
451 316 553 368 160).
610 318 762 355 Omnino
797 330 925 365 parum
960 320 1035 355 veri
1072 320 1188 356 simile
1222 320 1367 357 videtur
1401 322 1545 364 poetam
1579 321 1724 364 praeter

345 371 556 415 magistrum
587 371 696 406 etiam
716 371 924 407 Democrito
946 374 985 406 ut
1005 372 1100 407 inter
1121 382 1227 417 reges
1248 372 1361 419 Anco,
1390 371 1484 407 inter
1511 382 1630 407 rerum
1659 381 1721 415 po-

345 425 462 457 tentes
484 422 726 470 Scipionibus,
754 422 848 459 inter
869 426 995 468 poetas
1018 423 1174 459 Homero
1196 424 1352 469 palmam
1373 422 1589 459 tributurum
1612 422 1723 458 fuisse

346 471 413 522 (111
439 471 576 523 1039),
605 475 636 510 si
658 486 798 510 omnem
820 475 1019 510 Democriti
1041 475 1203 511 notitiam
1226 476 1370 521 scriptis
1393 475 1541 510 deberet
1562 475 1720 521 Epicuri,

346 525 407 569 qui
428 526 558 561 nullius
581 525 778 571 discipulus
800 526 917 562 videri
947 527 1061 561 voluit
1088 523 1234 575 (Zeller.
1256 528 1309 562 111
1334 528 1368 573 1,
1390 537 1453 571 pg.
1476 527 1554 561 364
1575 526 1658 561 adn.
1683 522 1722 574 2)

345 579 382 611 et
400 577 655 624 Democritum,
686 588 791 622 quem
806 573 1028 624 Ληρόκριτον
1042 578 1251 625 nominavit,
1274 581 1349 614 tum
1363 577 1586 622 potissimum
1599 578 1721 622 appel-

345 629 440 664 lasse
463 628 605 665 videtur
627 640 707 665 cum
728 630 863 675 placita
884 629 961 665 eius
982 630 1219 675 redargueret
1240 626 1385 679 (Zeller.
1409 629 1484 664 365
1506 629 1589 665 adn.
1614 625 1666 678 3).

451 680 552 724 Quae
588 682 769 726 disputavi
805 681 1007 717 confirmari
1041 682 1208 718 videntur
1243 682 1391 718 consilio
1423 683 1459 717 et
1487 681 1721 726 dispositione

346 733 527 779 carminis,
551 744 643 777 quae
665 737 773 778 poeta
794 734 856 768 vix
878 736 1058 769 mutuatus
1080 737 1176 769 esta
1197 734 1382 779 magistro.
1428 733 1520 768 Nam
1539 732 1607 768 etsi
1629 732 1721 767 forte

346 784 543 831 Epicurus,
586 785 647 829 qui
679 786 775 840 omni
810 784 1039 845 philosophia
1068 786 1324 822 iucunditatem
1360 784 1458 820 vitae
1492 784 1720 831 sequebatur,

346 836 448 870 libris
466 837 515 870 37
539 837 625 881 περὶ
647 830 794 882 φάσεως
815 836 853 870 id
876 837 1029 871 maxime
1052 838 1126 882 egit
1147 841 1186 872 ut
1207 841 1339 873 metum
1359 838 1514 883 tolleret,
1537 847 1642 881 quem
1662 846 1722 870 res

346 887 529 922 mirabiles
564 887 723 923 excitare
754 889 914 934 possent,
945 890 1066 923 tamen
1099 899 1183 924 num
1218 889 1253 923 in
1286 889 1339 924 eis
1366 888 1530 924 tractarit
1557 898 1649 933 quae
1674 908 1718 912 —

347 942 454 974 antea
477 942 515 974 ut
538 939 680 974 videtur
711 960 754 964 ——
779 939 816 974 in
837 939 939 974 libris
963 940 1047 985 περὶ
1069 939 1132 975 τοῦ
1155 937 1252 986 ὁρᾶν,
1276 940 1359 986 περὶ
1381 938 1441 982 τῆς
1470 941 1505 974 ἐν
1534 942 1577 986 τῇ
1597 936 1721 987 ἀτόμῳ

346 994 489 1034 γωνίας,
518 990 602 1036 περὶ
624 987 801 1036 εἰδώλων,
824 991 908 1038 περὶ
932 987 1047 1024 νόσων
1069 991 1149 1025 aliis
1171 990 1350 1039 disseruit,
1374 993 1471 1026 certe
1499 990 1643 1026 dubium
1666 993 1722 1025 est

347 1051 454 1085 quam
476 1052 642 1078 maxime.

822 1352 916 1400 Ind
923 1370 987 1400 ex
1019 1352 1248 1401 locorum

701 1453 746 1489 in
779 1453 942 1499 capite
974 1454 1002 1489 Ι.
1040 1456 1367 1489 tractatorum.

367 1570 390 1604 1.
435 1569 537 1603 176.
564 1569 584 1602 7
617 1593 822 1603 ......
857 1578 918 1612 pg.
958 1568 1003 1601 19
1091 1568 1114 1602 1.
1156 1568 1173 1601 1
1196 1567 1376 1601 908—10
1414 1594 1421 1601 .
1453 1594 1461 1602 .
1492 1594 1500 1602 .
1532 1594 1539 1602 .
1576 1578 1636 1612 pg.
1673 1568 1723 1601 20

474 1620 653 1655 146—48
695 1647 704 1655 .
735 1647 742 1655 .
773 1647 781 1655 .
813 1647 820 1655 .
955 1620 1004 1654 45
1198 1619 1284 1654 919.
1311 1620 1359 1653 10
1375 1646 1538 1655 .....
1673 1620 1720 1654 27

477 1673 563 1707 153.
588 1673 637 1706 54
653 1699 819 1706 .....
957 1672 1003 1705 13
1196 1672 1375 1705 926-50
1414 1698 1422 1705 .
1453 1698 1461 1706 .
1492 1699 1500 1706 .
1531 1699 1539 1706 .
1672 1672 1721 1705 49

473 1725 561 1758 211.
588 1724 634 1757 12
657 1750 820 1758 .....
955 1723 1004 1757 34
1197 1721 1420 1822 1021—24}
1673 1749 1721 1783 32

473 1777 548 1811 429
577 1802 820 1811 .......
955 1775 1003 1809 39
1198 1775 1296 1809 1026
1454 1776 1462 1783 ·
1493 1775 1501 1784 ·
1532 1775 1540 1784 ·

473 1829 562 1862 489.
587 1827 637 1861 90
655 1853 818 1861 .....
958 1828 1003 1859 13
1197 1826 1308 1860 1079.
1330 1827 1380 1859 80
1417 1853 1425 1860 .
1455 1853 1463 1860 .
1495 1853 1503 1860 .
1533 1852 1540 1860 .
1676 1827 1722 1859 27

475 1879 548 1914 531
576 1905 819 1914 .......
955 1878 1003 1912 39
1196 1877 1347 1912 29—33
1378 1904 1541 1913 .....
1676 1878 1724 1912 28

474 1932 549 1966 548
579 1957 820 1966 .......
954 1931 1005 1963 40
1090 1930 1114 1964 1.
1138 1930 1173 1963 11
1199 1930 1350 1963 55—61
1377 1956 1540 1964 .....
1674 1930 1723 1963 45

474 1983 550 2016 574
576 2007 820 2016 .......
954 1981 1005 2014 40
1200 1981 1285 2014 163.
1313 1981 1385 2013 164
1416 2007 1423 2014 .
1455 2007 1463 2014 .
1494 2007 1502 2014 .
1533 2007 1541 2014 .
1676 1981 1724 2013 38
1787 2002 1789 2004 ,

474 2034 562 2069 595.
588 2033 635 2068 96
653 2060 819 2069 .....
957 2033 1003 2067 19
1198 2031 1372 2066 177—81
1415 2059 1423 2067 .
1455 2059 1462 2067 .
1493 2059 1501 2067 .
1532 2059 1540 2066 .
1676 2032 1723 2066 29

477 2087 551 2120 609
579 2112 820 2120 .......
954 2086 1005 2118 40
1194 2085 1281 2118 236.
1312 2084 1359 2118 37
1377 2110 1541 2118 .....
1676 2085 1722 2117 27

476 2138 564 2173 633.
588 2137 637 2171 34
655 2163 819 2172 .....
954 2137 1002 2170 22
1195 2135 1282 2170 336.
1311 2135 1359 2169 37
1378 2161 1541 2170 .....
1675 2136 1723 2169 22

476 2191 563 2226 635.
587 2191 635 2225 36
656 2217 820 2225 .....
957 2190 1004 2223 14
1194 2188 1282 2223 478.
1326 2186 1393 2285 79}
1678 2215 1723 2248 15

476 2242 655 2276 670—74
694 2269 701 2276 .
733 2268 740 2275 .
772 2268 780 2275 .
811 2268 819 2275 .
955 2242 1003 2274 36
1195 2240 1281 2273 522.
1325 2241 1373 2273 23
1416 2240 1424 2248 ·
1455 2240 1464 2248 ·
1494 2241 1502 2248 ·
1533 2241 1541 2248 ·

478 2293 564 2329 705.
590 2294 611 2328 6
657 2319 821 2328 .....
957 2293 1004 2326 14
1196 2291 1270 2325 632
1300 2317 1541 2326 .......
1679 2292 1724 2325 13

479 2347 552 2381 757
577 2372 821 2380 .......
956 2345 1003 2379 36
1196 2342 1393 2390 688-911
1677 2369 1724 2402 22

477 2396 672 2441 769-93]
957 2421 1004 2454 36
1196 2395 1282 2428 692.
1312 2393 1389 2436 94!
1417 2395 1425 2403 ·
1456 2396 1463 2403 ·
1494 2396 1502 2403 ·
1533 2395 1541 2403 ·

478 2450 550 2484 797
667 2447 822 2491 ι····
1198 2446 1375 2480 723-—26
1677 2446 1724 2479 22

477 2502 655 2535 817-—19
694 2528 702 2535 .
736 2527 743 2535 .
775 2527 782 2535 .
813 2526 822 2534 .
957 2501 1006 2533 20
1197 2499 1387 2533 750—54.
1421 2499 1468 2532 56
1495 2525 1503 2532 .
1534 2524 1541 2531 .
1676 2498 1724 2531 36

477 2554 564 2587 820.
589 2554 635 2586 21
666 2552 677 2601 ι
957 2578 1004 2610 22
1197 2550 1373 2584 760—62
1418 2576 1426 2584 .
1456 2575 1464 2584 .
1496 2575 1504 2583 .
1534 2575 1542 2583 .
1677 2549 1726 2582 20

478 2603 704 2652 823-261·
735 2605 743 2613 “
775 2604 782 2612 ”
814 2604 822 2612 “
1196 2603 1270 2637 864
1300 2628 1541 2637 .......
1676 2601 1722 2635 41
