<?xml version="1.0" encoding="UTF-8"?>
<!DOCTYPE html PUBLIC "-//W3C//DTD XHTML 1.0 Transitional//EN"
    "http://www.w3.org/TR/xhtml1/DTD/xhtml1-transitional.dtd">
<html xmlns="http://www.w3.org/1999/xhtml" xml:lang="en" lang="en">
 <head>
  <title>
</title>
<meta http-equiv="Content-Type" content="text/html;charset=utf-8" />
  <meta name='ocr-system' content='tesseract 3.04.00' />
  <meta name='ocr-capabilities' content='ocr_page ocr_carea ocr_par ocr_line ocrx_word'/>
</head>
<body>
  <div class='ocr_page' id='page_1' title='image "./4738080_0027.png"; bbox 0 0 1809 3046; ppageno 0'>
   <div class='ocr_carea' id='block_1_1' title="bbox 777 171 1017 211">
    <p class='ocr_par' dir='ltr' id='par_1_1' title="bbox 777 171 1017 211">
     <span class='ocr_line' id='line_1_1' title="bbox 777 171 1017 211; baseline 0.017 -11"><span class='ocrx_word' id='word_1_1' title='bbox 777 171 1017 211; x_wconf 65' lang='lat'><strong>..-20&#39;-.</strong></span> 
     </span>
    </p>
   </div>
   <div class='ocr_carea' id='block_1_2' title="bbox 228 277 1603 1568">
    <p class='ocr_par' dir='ltr' id='par_1_2' title="bbox 230 277 1601 574">
     <span class='ocr_line' id='line_1_2' title="bbox 233 277 1600 323; baseline -0.001 -9"><span class='ocrx_word' id='word_1_2' title='bbox 233 281 376 323; x_wconf 72' lang='lat' dir='ltr'><strong>poetam</strong></span> <span class='ocrx_word' id='word_1_3' title='bbox 412 281 547 314; x_wconf 90' lang='lat' dir='ltr'><strong>certam</strong></span> <span class='ocrx_word' id='word_1_4' title='bbox 574 278 672 313; x_wconf 86' lang='lat' dir='ltr'><strong>illam</strong></span> <span class='ocrx_word' id='word_1_5' title='bbox 703 290 869 314; x_wconf 88' lang='lat' dir='ltr'><strong>versuum</strong></span> <span class='ocrx_word' id='word_1_6' title='bbox 900 277 1048 313; x_wconf 85' lang='lat' dir='ltr'><strong>formam</strong></span> <span class='ocrx_word' id='word_1_7' title='bbox 1086 282 1205 315; x_wconf 90' lang='lat' dir='ltr'><strong>mente</strong></span> <span class='ocrx_word' id='word_1_8' title='bbox 1238 278 1394 315; x_wconf 87' lang='lat' dir='ltr'><strong>tenuisse</strong></span> <span class='ocrx_word' id='word_1_9' title='bbox 1422 278 1600 314; x_wconf 85' lang='lat' dir='ltr'><strong>existimo.</strong></span> 
     </span>
     <span class='ocr_line' id='line_1_3' title="bbox 232 329 1601 376; baseline -0.001 -11"><span class='ocrx_word' id='word_1_10' title='bbox 232 331 332 365; x_wconf 88' lang='lat' dir='ltr'>Idem</span> <span class='ocrx_word' id='word_1_11' title='bbox 354 341 421 365; x_wconf 92' lang='lat' dir='ltr'><strong>nec</strong></span> <span class='ocrx_word' id='word_1_12' title='bbox 446 333 564 365; x_wconf 84' lang='lat' dir='ltr'><strong>tamen</strong></span> <span class='ocrx_word' id='word_1_13' title='bbox 596 331 748 375; x_wconf 84' lang='lat' dir='ltr'><strong>amplius</strong></span> <span class='ocrx_word' id='word_1_14' title='bbox 771 331 966 375; x_wconf 87' lang='lat' dir='ltr'>quidquam</span> <span class='ocrx_word' id='word_1_15' title='bbox 990 331 1094 365; x_wconf 90' lang='lat' dir='ltr'><strong>velim</strong></span> <span class='ocrx_word' id='word_1_16' title='bbox 1126 331 1248 376; x_wconf 83' lang='lat' dir='ltr'>colligi</span> <span class='ocrx_word' id='word_1_17' title='bbox 1276 342 1321 366; x_wconf 86' lang='lat' dir='ltr'><strong>ex</strong></span> <span class='ocrx_word' id='word_1_18' title='bbox 1343 331 1410 366; x_wconf 93' lang='lat' dir='ltr'><strong>hoc</strong></span> <span class='ocrx_word' id='word_1_19' title='bbox 1431 329 1601 375; x_wconf 92' lang='lat' dir='ltr'><strong>loquendi</strong></span> 
     </span>
     <span class='ocr_line' id='line_1_4' title="bbox 231 381 1600 428; baseline 0 -12"><span class='ocrx_word' id='word_1_20' title='bbox 231 381 354 417; x_wconf 88' lang='lat' dir='ltr'><strong>modo:</strong></span> <span class='ocrx_word' id='word_1_21' title='bbox 379 382 579 428; x_wconf 91' lang='lat' dir='ltr'><strong>„incertum</strong></span> <span class='ocrx_word' id='word_1_22' title='bbox 601 385 751 428; x_wconf 89' lang='lat' dir='ltr'><strong>constet,</strong></span> <span class='ocrx_word' id='word_1_23' title='bbox 775 393 847 426; x_wconf 91' lang='lat' dir='ltr'><strong>qua</strong></span> <span class='ocrx_word' id='word_1_24' title='bbox 868 381 1008 416; x_wconf 85' lang='lat' dir='ltr'><strong>ratione</strong></span> <span class='ocrx_word' id='word_1_25' title='bbox 1030 382 1076 416; x_wconf 86' lang='lat' dir='ltr'><strong>sit</strong></span> <span class='ocrx_word' id='word_1_26' title='bbox 1096 381 1197 418; x_wconf 85' lang='lat' dir='ltr'><strong>finita</strong></span> <span class='ocrx_word' id='word_1_27' title='bbox 1217 386 1379 427; x_wconf 88' lang='lat' dir='ltr'><strong>potestas</strong></span> <span class='ocrx_word' id='word_1_28' title='bbox 1400 386 1508 427; x_wconf 85' lang='lat' dir='ltr'><strong>atque</strong></span> <span class='ocrx_word' id='word_1_29' title='bbox 1529 382 1600 416; x_wconf 85' lang='lat' dir='ltr'><strong>alte</strong></span> 
     </span>
     <span class='ocr_line' id='line_1_5' title="bbox 231 432 1601 482; baseline 0 -13"><span class='ocrx_word' id='word_1_30' title='bbox 231 433 401 470; x_wconf 88' lang='lat' dir='ltr'><strong>terminus</strong></span> <span class='ocrx_word' id='word_1_31' title='bbox 437 432 639 481; x_wconf 79' lang='lat' dir='ltr'><strong>haerens“,</strong></span> <span class='ocrx_word' id='word_1_32' title='bbox 672 444 750 473; x_wconf 90' lang='lat' dir='ltr'><strong>cum</strong></span> <span class='ocrx_word' id='word_1_33' title='bbox 782 432 972 469; x_wconf 89' lang='lat' dir='ltr'><strong>dicendum</strong></span> <span class='ocrx_word' id='word_1_34' title='bbox 1003 436 1119 469; x_wconf 85' lang='lat' dir='ltr'><strong>esset:</strong></span> <span class='ocrx_word' id='word_1_35' title='bbox 1158 434 1319 482; x_wconf 88' lang='lat' dir='ltr'><strong>„incerta</strong></span> <span class='ocrx_word' id='word_1_36' title='bbox 1357 434 1402 471; x_wconf 91' lang='lat' dir='ltr'><strong>sit</strong></span> <span class='ocrx_word' id='word_1_37' title='bbox 1440 436 1601 481; x_wconf 86' lang='lat' dir='ltr'><strong>potestas</strong></span> 
     </span>
     <span class='ocr_line' id='line_1_6' title="bbox 230 485 835 530; baseline 0 -9"><span class='ocrx_word' id='word_1_38' title='bbox 230 496 348 530; x_wconf 88' lang='lat' dir='ltr'><strong>neque</strong></span> <span class='ocrx_word' id='word_1_39' title='bbox 370 486 464 521; x_wconf 89' lang='lat' dir='ltr'><strong>ullus</strong></span> <span class='ocrx_word' id='word_1_40' title='bbox 486 488 604 523; x_wconf 82' lang='lat' dir='ltr'><strong>exstet</strong></span> <span class='ocrx_word' id='word_1_41' title='bbox 624 485 835 522; x_wconf 89' lang='lat' dir='ltr'><strong>terminus“.</strong></span> 
     </span>
     <span class='ocr_line' id='line_1_7' title="bbox 335 536 1269 574; baseline 0.001 -2"><span class='ocrx_word' id='word_1_42' title='bbox 335 536 562 573; x_wconf 89' lang='lat' dir='ltr'><strong>Antecedunt</strong></span> <span class='ocrx_word' id='word_1_43' title='bbox 584 537 650 573; x_wconf 91' lang='lat' dir='ltr'><strong>hos</strong></span> <span class='ocrx_word' id='word_1_44' title='bbox 671 548 797 574; x_wconf 89' lang='lat' dir='ltr'><strong>versus</strong></span> <span class='ocrx_word' id='word_1_45' title='bbox 819 537 856 572; x_wconf 89' lang='lat' dir='ltr'><strong>in</strong></span> <span class='ocrx_word' id='word_1_46' title='bbox 877 536 979 572; x_wconf 89' lang='lat' dir='ltr'><strong>libris</strong></span> <span class='ocrx_word' id='word_1_47' title='bbox 1001 537 1044 572; x_wconf 93' lang='lat' dir='ltr'><strong>V.</strong></span> <span class='ocrx_word' id='word_1_48' title='bbox 1068 540 1104 573; x_wconf 91' lang='lat' dir='ltr'><strong>et</strong></span> <span class='ocrx_word' id='word_1_49' title='bbox 1126 538 1187 573; x_wconf 91' lang='lat' dir='ltr'><strong>VI.</strong></span> <span class='ocrx_word' id='word_1_50' title='bbox 1210 548 1269 573; x_wconf 87' lang='lat' dir='ltr'><strong>vv.</strong></span> 
     </span>
    </p>

    <p class='ocr_par' dir='ltr' id='par_1_3' title="bbox 231 585 1601 637">
     <span class='ocr_line' id='line_1_8' title="bbox 231 585 1601 637; baseline 0.001 -14"><span class='ocrx_word' id='word_1_51' title='bbox 231 585 276 637; x_wconf 95' lang='lat' dir='ltr'><strong>(V</strong></span> <span class='ocrx_word' id='word_1_52' title='bbox 301 586 366 637; x_wconf 89' lang='grc'><strong>82)</strong></span> <span class='ocrx_word' id='word_1_53' title='bbox 389 589 440 625; x_wconf 93' lang='lat' dir='ltr'><strong>VI</strong></span> <span class='ocrx_word' id='word_1_54' title='bbox 463 589 511 625; x_wconf 85' lang='lat'><strong>58</strong></span> <span class='ocrx_word' id='word_1_55' title='bbox 534 601 618 625; x_wconf 82' lang='lat' dir='ltr'><strong>nam</strong></span> <span class='ocrx_word' id='word_1_56' title='bbox 645 591 738 627; x_wconf 88' lang='lat' dir='ltr'><strong>bene</strong></span> <span class='ocrx_word' id='word_1_57' title='bbox 766 589 827 635; x_wconf 90' lang='lat' dir='ltr'><strong>qui</strong></span> <span class='ocrx_word' id='word_1_58' title='bbox 856 588 1015 625; x_wconf 83' lang='lat' dir='ltr'><strong>didicere</strong></span> <span class='ocrx_word' id='word_1_59' title='bbox 1038 588 1124 625; x_wconf 90' lang='lat' dir='ltr'><strong>deos</strong></span> <span class='ocrx_word' id='word_1_60' title='bbox 1146 599 1311 625; x_wconf 89' lang='lat' dir='ltr'><strong>securum</strong></span> <span class='ocrx_word' id='word_1_61' title='bbox 1335 600 1446 634; x_wconf 88' lang='lat' dir='ltr'><strong>agere</strong></span> <span class='ocrx_word' id='word_1_62' title='bbox 1475 600 1601 625; x_wconf 89' lang='lat' dir='ltr'><strong>aevom</strong></span> 
     </span>
    </p>

    <p class='ocr_par' dir='ltr' id='par_1_4' title="bbox 537 641 1326 685">
     <span class='ocr_line' id='line_1_9' title="bbox 537 641 1326 685; baseline 0 -9"><span class='ocrx_word' id='word_1_63' title='bbox 537 642 569 676; x_wconf 89' lang='lat' dir='ltr'><strong>si</strong></span> <span class='ocrx_word' id='word_1_64' title='bbox 591 645 712 677; x_wconf 88' lang='lat' dir='ltr'><strong>tamen</strong></span> <span class='ocrx_word' id='word_1_65' title='bbox 734 642 874 677; x_wconf 88' lang='lat' dir='ltr'><strong>interea</strong></span> <span class='ocrx_word' id='word_1_66' title='bbox 899 641 1074 676; x_wconf 83' lang='lat' dir='ltr'><strong>mirantur</strong></span> <span class='ocrx_word' id='word_1_67' title='bbox 1096 652 1167 685; x_wconf 89' lang='lat' dir='ltr'><strong>qua</strong></span> <span class='ocrx_word' id='word_1_68' title='bbox 1187 641 1326 676; x_wconf 86' lang='lat' dir='ltr'><strong>ratione</strong></span> 
     </span>
    </p>

    <p class='ocr_par' dir='ltr' id='par_1_5' title="bbox 462 692 1488 740">
     <span class='ocr_line' id='line_1_10' title="bbox 462 692 1488 740; baseline 0 -13"><span class='ocrx_word' id='word_1_69' title='bbox 462 693 512 727; x_wconf 88' lang='grc'><strong>60</strong></span> <span class='ocrx_word' id='word_1_70' title='bbox 535 703 700 738; x_wconf 88' lang='lat' dir='ltr'><strong>quaeque</strong></span> <span class='ocrx_word' id='word_1_71' title='bbox 723 693 801 739; x_wconf 87' lang='lat' dir='ltr'><strong>geri</strong></span> <span class='ocrx_word' id='word_1_72' title='bbox 822 692 972 740; x_wconf 79' lang='lat' dir='ltr'>possint,</span> <span class='ocrx_word' id='word_1_73' title='bbox 995 692 1207 737; x_wconf 83' lang='lat' dir='ltr'><strong>praesertim</strong></span> <span class='ocrx_word' id='word_1_74' title='bbox 1228 693 1336 738; x_wconf 83' lang='lat' dir='ltr'><strong>rebus</strong></span> <span class='ocrx_word' id='word_1_75' title='bbox 1357 693 1393 728; x_wconf 90' lang='lat' dir='ltr'><strong>in</strong></span> <span class='ocrx_word' id='word_1_76' title='bbox 1415 692 1488 727; x_wconf 86' lang='lat' dir='ltr'><strong>illis</strong></span> 
     </span>
    </p>

    <p class='ocr_par' dir='ltr' id='par_1_6' title="bbox 532 744 1480 791">
     <span class='ocr_line' id='line_1_11' title="bbox 532 744 1480 791; baseline -0.001 -10"><span class='ocrx_word' id='word_1_77' title='bbox 532 756 624 790; x_wconf 90' lang='lat' dir='ltr'><strong>quae</strong></span> <span class='ocrx_word' id='word_1_78' title='bbox 649 756 779 790; x_wconf 88' lang='lat' dir='ltr'><strong>supera</strong></span> <span class='ocrx_word' id='word_1_79' title='bbox 801 747 909 790; x_wconf 88' lang='lat' dir='ltr'><strong>caput</strong></span> <span class='ocrx_word' id='word_1_80' title='bbox 930 745 1100 782; x_wconf 81' lang='lat' dir='ltr'><strong>aetheriis</strong></span> <span class='ocrx_word' id='word_1_81' title='bbox 1123 748 1316 781; x_wconf 88' lang='lat' dir='ltr'><strong>cernuntur</strong></span> <span class='ocrx_word' id='word_1_82' title='bbox 1337 745 1375 780; x_wconf 91' lang='lat' dir='ltr'><strong>in</strong></span> <span class='ocrx_word' id='word_1_83' title='bbox 1398 744 1480 791; x_wconf 89' lang='lat' dir='ltr'><strong>oris,</strong></span> 
     </span>
    </p>

    <p class='ocr_par' dir='ltr' id='par_1_7' title="bbox 530 796 1364 843">
     <span class='ocr_line' id='line_1_12' title="bbox 530 796 1364 843; baseline 0 -12"><span class='ocrx_word' id='word_1_84' title='bbox 530 807 653 831; x_wconf 88' lang='lat' dir='ltr'><strong>rursus</strong></span> <span class='ocrx_word' id='word_1_85' title='bbox 683 797 721 831; x_wconf 94' lang='lat' dir='ltr'><strong>in</strong></span> <span class='ocrx_word' id='word_1_86' title='bbox 748 797 916 841; x_wconf 86' lang='lat' dir='ltr'><strong>antiquas</strong></span> <span class='ocrx_word' id='word_1_87' title='bbox 943 796 1147 832; x_wconf 84' lang='lat' dir='ltr'><strong>referuntur</strong></span> <span class='ocrx_word' id='word_1_88' title='bbox 1168 797 1364 843; x_wconf 84' lang='lat' dir='ltr'><strong>religionis,</strong></span> 
     </span>
    </p>

    <p class='ocr_par' dir='ltr' id='par_1_8' title="bbox 532 847 1377 895">
     <span class='ocr_line' id='line_1_13' title="bbox 532 847 1377 895; baseline 0.001 -12"><span class='ocrx_word' id='word_1_89' title='bbox 532 851 569 883; x_wconf 90' lang='lat' dir='ltr'><strong>et</strong></span> <span class='ocrx_word' id='word_1_90' title='bbox 590 848 753 884; x_wconf 88' lang='lat' dir='ltr'><strong>dominos</strong></span> <span class='ocrx_word' id='word_1_91' title='bbox 774 848 868 883; x_wconf 87' lang='lat' dir='ltr'><strong>acris</strong></span> <span class='ocrx_word' id='word_1_92' title='bbox 889 847 1106 895; x_wconf 80' lang='lat' dir='ltr'><strong>adsciscunt,</strong></span> <span class='ocrx_word' id='word_1_93' title='bbox 1130 849 1249 884; x_wconf 90' lang='lat' dir='ltr'><strong>omnia</strong></span> <span class='ocrx_word' id='word_1_94' title='bbox 1270 858 1377 894; x_wconf 87' lang='lat' dir='ltr'><strong>posse</strong></span> 
     </span>
    </p>

    <p class='ocr_par' dir='ltr' id='par_1_9' title="bbox 532 900 1450 946">
     <span class='ocr_line' id='line_1_14' title="bbox 532 900 1450 946; baseline 0 -11"><span class='ocrx_word' id='word_1_95' title='bbox 532 910 621 945; x_wconf 89' lang='lat' dir='ltr'><strong>quos</strong></span> <span class='ocrx_word' id='word_1_96' title='bbox 642 900 765 935; x_wconf 86' lang='lat' dir='ltr'><strong>miseri</strong></span> <span class='ocrx_word' id='word_1_97' title='bbox 794 900 956 946; x_wconf 92' lang='lat' dir='ltr'><strong>credunt,</strong></span> <span class='ocrx_word' id='word_1_98' title='bbox 980 900 1098 945; x_wconf 88' lang='lat' dir='ltr'><strong>ignari</strong></span> <span class='ocrx_word' id='word_1_99' title='bbox 1121 900 1207 945; x_wconf 91' lang='lat' dir='ltr'><strong>quid</strong></span> <span class='ocrx_word' id='word_1_100' title='bbox 1230 903 1338 945; x_wconf 85' lang='lat' dir='ltr'><strong>queat</strong></span> <span class='ocrx_word' id='word_1_101' title='bbox 1360 910 1450 946; x_wconf 81' lang='lat' dir='ltr'><strong>esse,</strong></span> 
     </span>
    </p>

    <p class='ocr_par' dir='ltr' id='par_1_10' title="bbox 456 951 901 997">
     <span class='ocr_line' id='line_1_15' title="bbox 456 951 901 997; baseline 0.004 -12"><span class='ocrx_word' id='word_1_102' title='bbox 456 951 504 985; x_wconf 88' lang='grc'><strong>65</strong></span> <span class='ocrx_word' id='word_1_103' title='bbox 530 951 617 997; x_wconf 88' lang='lat' dir='ltr'><strong>quid</strong></span> <span class='ocrx_word' id='word_1_104' title='bbox 638 955 796 997; x_wconf 83' lang='lat' dir='ltr'><strong>nequeat</strong></span> <span class='ocrx_word' id='word_1_105' title='bbox 819 979 828 987; x_wconf 90' lang='lat'><strong>.</strong></span> <span class='ocrx_word' id='word_1_106' title='bbox 854 978 862 987; x_wconf 94' lang='lat'><strong>.</strong></span> <span class='ocrx_word' id='word_1_107' title='bbox 893 977 901 987; x_wconf 89' lang='lat'><strong>.</strong></span> 
     </span>
    </p>

    <p class='ocr_par' dir='ltr' id='par_1_11' title="bbox 228 1002 1603 1568">
     <span class='ocr_line' id='line_1_16' title="bbox 231 1002 1600 1049; baseline 0 -12"><span class='ocrx_word' id='word_1_108' title='bbox 231 1003 300 1038; x_wconf 88' lang='lat' dir='ltr'><strong>Gn.</strong></span> <span class='ocrx_word' id='word_1_109' title='bbox 325 1014 405 1037; x_wconf 92' lang='lat' dir='ltr'><strong>cum</strong></span> <span class='ocrx_word' id='word_1_110' title='bbox 428 1013 489 1038; x_wconf 87' lang='lat' dir='ltr'><strong>eos</strong></span> <span class='ocrx_word' id='word_1_111' title='bbox 512 1004 548 1038; x_wconf 93' lang='lat' dir='ltr'><strong>in</strong></span> <span class='ocrx_word' id='word_1_112' title='bbox 571 1005 595 1039; x_wconf 91' lang='grc'><strong>1.</strong></span> <span class='ocrx_word' id='word_1_113' title='bbox 611 1004 672 1039; x_wconf 91' lang='lat' dir='ltr'><strong>VI.</strong></span> <span class='ocrx_word' id='word_1_114' title='bbox 695 1005 871 1049; x_wconf 84' lang='lat' dir='ltr'><strong>probante</strong></span> <span class='ocrx_word' id='word_1_115' title='bbox 893 1003 1025 1039; x_wconf 86' lang='lat' dir='ltr'><strong>Tohtio</strong></span> <span class='ocrx_word' id='word_1_116' title='bbox 1047 1004 1282 1048; x_wconf 88' lang='lat' dir='ltr'><strong>interpolatos</strong></span> <span class='ocrx_word' id='word_1_117' title='bbox 1305 1013 1384 1039; x_wconf 90' lang='lat' dir='ltr'><strong>esse</strong></span> <span class='ocrx_word' id='word_1_118' title='bbox 1408 1002 1600 1048; x_wconf 84' lang='lat' dir='ltr'><strong>contendit,</strong></span> 
     </span>
     <span class='ocr_line' id='line_1_17' title="bbox 231 1054 1602 1102; baseline -0.001 -13"><span class='ocrx_word' id='word_1_119' title='bbox 231 1066 273 1089; x_wconf 92' lang='lat' dir='ltr'><strong>eo</strong></span> <span class='ocrx_word' id='word_1_120' title='bbox 296 1054 517 1099; x_wconf 88' lang='lat' dir='ltr'><strong>potissimum</strong></span> <span class='ocrx_word' id='word_1_121' title='bbox 541 1055 666 1090; x_wconf 88' lang='lat' dir='ltr'><strong>nititur</strong></span> <span class='ocrx_word' id='word_1_122' title='bbox 687 1056 784 1100; x_wconf 90' lang='lat' dir='ltr'><strong>quod</strong></span> <span class='ocrx_word' id='word_1_123' title='bbox 816 1055 969 1090; x_wconf 88' lang='lat' dir='ltr'><strong>servatis</strong></span> <span class='ocrx_word' id='word_1_124' title='bbox 1001 1055 1052 1090; x_wconf 91' lang='lat' dir='ltr'><strong>eis</strong></span> <span class='ocrx_word' id='word_1_125' title='bbox 1085 1066 1181 1102; x_wconf 90' lang='lat' dir='ltr'><strong>„quo</strong></span> <span class='ocrx_word' id='word_1_126' title='bbox 1203 1066 1270 1090; x_wconf 90' lang='lat' dir='ltr'><strong>ma</strong></span> <span class='ocrx_word' id='word_1_127' title='bbox 1279 1054 1378 1099; x_wconf 84' lang='lat' dir='ltr'><strong>gis“</strong></span> <span class='ocrx_word' id='word_1_128' title='bbox 1401 1066 1435 1089; x_wconf 89' lang='lat' dir='ltr'><strong>v.</strong></span> <span class='ocrx_word' id='word_1_129' title='bbox 1461 1055 1508 1088; x_wconf 83' lang='grc'><strong>67</strong></span> <span class='ocrx_word' id='word_1_130' title='bbox 1532 1064 1602 1088; x_wconf 89' lang='grc'><strong>11011</strong></span> 
     </span>
     <span class='ocr_line' id='line_1_18' title="bbox 231 1105 1602 1152; baseline -0.001 -11"><span class='ocrx_word' id='word_1_131' title='bbox 231 1106 398 1142; x_wconf 90' lang='lat' dir='ltr'><strong>idoneum</strong></span> <span class='ocrx_word' id='word_1_132' title='bbox 421 1117 563 1142; x_wconf 89' lang='lat' dir='ltr'><strong>sensum</strong></span> <span class='ocrx_word' id='word_1_133' title='bbox 587 1107 773 1152; x_wconf 87' lang='lat' dir='ltr'><strong>praebeat.</strong></span> <span class='ocrx_word' id='word_1_134' title='bbox 829 1106 878 1142; x_wconf 91' lang='lat' dir='ltr'><strong>At</strong></span> <span class='ocrx_word' id='word_1_135' title='bbox 900 1109 1028 1142; x_wconf 87' lang='lat' dir='ltr'><strong>natura</strong></span> <span class='ocrx_word' id='word_1_136' title='bbox 1050 1107 1159 1142; x_wconf 87' lang='lat' dir='ltr'><strong>animi</strong></span> <span class='ocrx_word' id='word_1_137' title='bbox 1183 1105 1410 1143; x_wconf 90' lang='lat' dir='ltr'><strong>confirmatur</strong></span> <span class='ocrx_word' id='word_1_138' title='bbox 1438 1116 1519 1141; x_wconf 89' lang='lat' dir='ltr'><strong>eum</strong></span> <span class='ocrx_word' id='word_1_139' title='bbox 1541 1105 1602 1151; x_wconf 92' lang='lat' dir='ltr'><strong>qui</strong></span> 
     </span>
     <span class='ocr_line' id='line_1_19' title="bbox 232 1158 1603 1204; baseline -0.001 -11"><span class='ocrx_word' id='word_1_140' title='bbox 232 1159 319 1194; x_wconf 90' lang='lat' dir='ltr'><strong>deos</strong></span> <span class='ocrx_word' id='word_1_141' title='bbox 341 1158 430 1193; x_wconf 91' lang='lat' dir='ltr'><strong>nihil</strong></span> <span class='ocrx_word' id='word_1_142' title='bbox 453 1170 563 1204; x_wconf 86' lang='lat' dir='ltr'><strong>agere</strong></span> <span class='ocrx_word' id='word_1_143' title='bbox 586 1179 637 1184; x_wconf 88' lang='lat'><strong>——</strong></span> <span class='ocrx_word' id='word_1_144' title='bbox 665 1163 704 1195; x_wconf 91' lang='lat' dir='ltr'><strong>ut</strong></span> <span class='ocrx_word' id='word_1_145' title='bbox 724 1159 990 1204; x_wconf 81' lang='lat' dir='ltr'><strong>Epicureorum</strong></span> <span class='ocrx_word' id='word_1_146' title='bbox 1005 1160 1042 1194; x_wconf 90' lang='lat' dir='ltr'><strong>in</strong></span> <span class='ocrx_word' id='word_1_147' title='bbox 1064 1160 1207 1196; x_wconf 90' lang='lat' dir='ltr'><strong>modum</strong></span> <span class='ocrx_word' id='word_1_148' title='bbox 1229 1160 1357 1204; x_wconf 85' lang='lat' dir='ltr'><strong>loquar</strong></span> <span class='ocrx_word' id='word_1_149' title='bbox 1376 1180 1425 1184; x_wconf 85' lang='lat'>—</span> <span class='ocrx_word' id='word_1_150' title='bbox 1441 1158 1603 1194; x_wconf 88' lang='lat' dir='ltr'><strong>doctrina</strong></span> 
     </span>
     <span class='ocr_line' id='line_1_20' title="bbox 230 1209 1601 1257; baseline -0.002 -11"><span class='ocrx_word' id='word_1_151' title='bbox 230 1220 442 1255; x_wconf 86' lang='lat' dir='ltr'><strong>persuasum</strong></span> <span class='ocrx_word' id='word_1_152' title='bbox 465 1210 587 1257; x_wconf 88' lang='lat' dir='ltr'><strong>habet,</strong></span> <span class='ocrx_word' id='word_1_153' title='bbox 611 1211 641 1246; x_wconf 91' lang='lat' dir='ltr'><strong>si</strong></span> <span class='ocrx_word' id='word_1_154' title='bbox 665 1212 751 1256; x_wconf 89' lang='lat' dir='ltr'><strong>quid</strong></span> <span class='ocrx_word' id='word_1_155' title='bbox 774 1211 898 1245; x_wconf 86' lang='lat' dir='ltr'><strong>mirum</strong></span> <span class='ocrx_word' id='word_1_156' title='bbox 921 1211 1063 1246; x_wconf 86' lang='lat' dir='ltr'><strong>accidat</strong></span> <span class='ocrx_word' id='word_1_157' title='bbox 1085 1211 1184 1247; x_wconf 90' lang='lat' dir='ltr'><strong>cuius</strong></span> <span class='ocrx_word' id='word_1_158' title='bbox 1207 1211 1261 1246; x_wconf 90' lang='lat' dir='ltr'><strong>rei</strong></span> <span class='ocrx_word' id='word_1_159' title='bbox 1283 1221 1428 1246; x_wconf 85' lang='lat' dir='ltr'><strong>causam</strong></span> <span class='ocrx_word' id='word_1_160' title='bbox 1449 1220 1520 1244; x_wconf 89' lang='lat' dir='ltr'><strong>non</strong></span> <span class='ocrx_word' id='word_1_161' title='bbox 1549 1209 1601 1243; x_wconf 90' lang='lat' dir='ltr'><strong>vi-</strong></span> 
     </span>
     <span class='ocr_line' id='line_1_21' title="bbox 231 1260 1601 1308; baseline -0.001 -10"><span class='ocrx_word' id='word_1_162' title='bbox 231 1262 304 1307; x_wconf 89' lang='lat' dir='ltr'><strong>det,</strong></span> <span class='ocrx_word' id='word_1_163' title='bbox 327 1273 399 1297; x_wconf 92' lang='lat' dir='ltr'><strong>non</strong></span> <span class='ocrx_word' id='word_1_164' title='bbox 421 1262 536 1298; x_wconf 89' lang='lat' dir='ltr'><strong>relabi</strong></span> <span class='ocrx_word' id='word_1_165' title='bbox 559 1262 664 1298; x_wconf 90' lang='lat' dir='ltr'><strong>modo</strong></span> <span class='ocrx_word' id='word_1_166' title='bbox 688 1263 724 1298; x_wconf 91' lang='lat' dir='ltr'><strong>in</strong></span> <span class='ocrx_word' id='word_1_167' title='bbox 748 1262 957 1308; x_wconf 82' lang='lat' dir='ltr'><strong>religionem</strong></span> <span class='ocrx_word' id='word_1_168' title='bbox 981 1263 1046 1298; x_wconf 92' lang='lat' dir='ltr'><strong>sed</strong></span> <span class='ocrx_word' id='word_1_169' title='bbox 1067 1263 1182 1308; x_wconf 84' lang='lat' dir='ltr'><strong>magis</strong></span> <span class='ocrx_word' id='word_1_170' title='bbox 1215 1263 1325 1298; x_wconf 88' lang='lat' dir='ltr'><strong>etiam</strong></span> <span class='ocrx_word' id='word_1_171' title='bbox 1356 1262 1502 1298; x_wconf 87' lang='lat' dir='ltr'><strong>deorum</strong></span> <span class='ocrx_word' id='word_1_172' title='bbox 1531 1260 1601 1296; x_wconf 91' lang='lat' dir='ltr'><strong>fide</strong></span> 
     </span>
     <span class='ocr_line' id='line_1_22' title="bbox 229 1313 1601 1360; baseline 0 -12"><span class='ocrx_word' id='word_1_173' title='bbox 229 1314 378 1358; x_wconf 88' lang='lat' dir='ltr'><strong>religari</strong></span> <span class='ocrx_word' id='word_1_174' title='bbox 402 1325 609 1360; x_wconf 86' lang='lat' dir='ltr'><strong>„caecaque</strong></span> <span class='ocrx_word' id='word_1_175' title='bbox 631 1315 771 1350; x_wconf 91' lang='lat' dir='ltr'><strong>ratione</strong></span> <span class='ocrx_word' id='word_1_176' title='bbox 795 1313 954 1349; x_wconf 84' lang='lat' dir='ltr'><strong>errare“.</strong></span> <span class='ocrx_word' id='word_1_177' title='bbox 1002 1314 1166 1349; x_wconf 82' lang='lat' dir='ltr'><strong>Conferri</strong></span> <span class='ocrx_word' id='word_1_178' title='bbox 1187 1317 1307 1359; x_wconf 89' lang='lat' dir='ltr'><strong>potest</strong></span> <span class='ocrx_word' id='word_1_179' title='bbox 1331 1325 1410 1349; x_wconf 91' lang='lat' dir='ltr'><strong>cum</strong></span> <span class='ocrx_word' id='word_1_180' title='bbox 1430 1314 1499 1348; x_wconf 85' lang='lat' dir='ltr'><strong>hac</strong></span> <span class='ocrx_word' id='word_1_181' title='bbox 1520 1324 1601 1348; x_wconf 88' lang='lat' dir='ltr'><strong>sen-</strong></span> 
     </span>
     <span class='ocr_line' id='line_1_23' title="bbox 228 1363 1601 1413; baseline -0.001 -13"><span class='ocrx_word' id='word_1_182' title='bbox 228 1366 341 1400; x_wconf 84' lang='lat' dir='ltr'><strong>tentia</strong></span> <span class='ocrx_word' id='word_1_183' title='bbox 363 1376 407 1400; x_wconf 87' lang='lat' dir='ltr'><strong>ea</strong></span> <span class='ocrx_word' id='word_1_184' title='bbox 430 1376 522 1409; x_wconf 92' lang='lat' dir='ltr'><strong>quae</strong></span> <span class='ocrx_word' id='word_1_185' title='bbox 546 1369 601 1400; x_wconf 88' lang='lat' dir='ltr'><strong>est</strong></span> <span class='ocrx_word' id='word_1_186' title='bbox 624 1366 720 1410; x_wconf 92' lang='lat' dir='ltr'><strong>apud</strong></span> <span class='ocrx_word' id='word_1_187' title='bbox 742 1366 848 1401; x_wconf 88' lang='lat' dir='ltr'><strong>Lucr.</strong></span> <span class='ocrx_word' id='word_1_188' title='bbox 877 1366 919 1410; x_wconf 18' lang='lat' dir='ltr'><strong>in,</strong></span> <span class='ocrx_word' id='word_1_189' title='bbox 937 1366 986 1400; x_wconf 94' lang='lat' dir='ltr'><strong>VI</strong></span> <span class='ocrx_word' id='word_1_190' title='bbox 1010 1366 1083 1400; x_wconf 89' lang='grc'><strong>601</strong></span> <span class='ocrx_word' id='word_1_191' title='bbox 1109 1376 1208 1411; x_wconf 89' lang='lat' dir='ltr'><strong>sqq.:</strong></span> <span class='ocrx_word' id='word_1_192' title='bbox 1242 1363 1418 1413; x_wconf 70' lang='lat' dir='ltr'><strong>(metuunt</strong></span> <span class='ocrx_word' id='word_1_193' title='bbox 1439 1365 1601 1399; x_wconf 88' lang='lat' dir='ltr'><strong>homines</strong></span> 
     </span>
     <span class='ocr_line' id='line_1_24' title="bbox 229 1414 1601 1466; baseline -0.001 -14"><span class='ocrx_word' id='word_1_194' title='bbox 229 1428 274 1452; x_wconf 92' lang='lat' dir='ltr'><strong>ne</strong></span> <span class='ocrx_word' id='word_1_195' title='bbox 305 1419 436 1453; x_wconf 90' lang='lat' dir='ltr'><strong>natura</strong></span> <span class='ocrx_word' id='word_1_196' title='bbox 466 1420 586 1453; x_wconf 89' lang='lat' dir='ltr'><strong>terrae</strong></span> <span class='ocrx_word' id='word_1_197' title='bbox 619 1428 792 1453; x_wconf 82' lang='lat' dir='ltr'><strong>cavernas</strong></span> <span class='ocrx_word' id='word_1_198' title='bbox 822 1417 997 1453; x_wconf 87' lang='lat' dir='ltr'><strong>dissolvat</strong></span> <span class='ocrx_word' id='word_1_199' title='bbox 1020 1445 1029 1453; x_wconf 84' lang='lat'><strong>.</strong></span> <span class='ocrx_word' id='word_1_200' title='bbox 1055 1444 1063 1453; x_wconf 94' lang='lat'><strong>.</strong></span> <span class='ocrx_word' id='word_1_201' title='bbox 1089 1444 1097 1453; x_wconf 90' lang='lat'><strong>.</strong></span> <span class='ocrx_word' id='word_1_202' title='bbox 1128 1417 1279 1463; x_wconf 88' lang='lat' dir='ltr'><strong>proinde</strong></span> <span class='ocrx_word' id='word_1_203' title='bbox 1311 1414 1410 1466; x_wconf 90' lang='lat' dir='ltr'><strong>licet)</strong></span> <span class='ocrx_word' id='word_1_204' title='bbox 1439 1415 1601 1461; x_wconf 84' lang='lat' dir='ltr'><strong>quamvis</strong></span> 
     </span>
     <span class='ocr_line' id='line_1_25' title="bbox 229 1469 1601 1516; baseline -0.001 -11"><span class='ocrx_word' id='word_1_205' title='bbox 229 1470 367 1505; x_wconf 87' lang='lat' dir='ltr'><strong>caelum</strong></span> <span class='ocrx_word' id='word_1_206' title='bbox 391 1472 597 1515; x_wconf 84' lang='lat' dir='ltr'><strong>terramque</strong></span> <span class='ocrx_word' id='word_1_207' title='bbox 630 1473 800 1506; x_wconf 85' lang='lat' dir='ltr'><strong>aeternae</strong></span> <span class='ocrx_word' id='word_1_208' title='bbox 832 1470 938 1506; x_wconf 87' lang='lat' dir='ltr'><strong>saluti</strong></span> <span class='ocrx_word' id='word_1_209' title='bbox 975 1469 1144 1505; x_wconf 86' lang='lat' dir='ltr'><strong>mandata</strong></span> <span class='ocrx_word' id='word_1_210' title='bbox 1175 1480 1256 1506; x_wconf 87' lang='lat' dir='ltr'><strong>esse</strong></span> <span class='ocrx_word' id='word_1_211' title='bbox 1285 1472 1450 1516; x_wconf 86' lang='lat' dir='ltr'><strong>reantur,</strong></span> <span class='ocrx_word' id='word_1_212' title='bbox 1481 1471 1601 1504; x_wconf 89' lang='lat' dir='ltr'><strong>tamen</strong></span> 
     </span>
     <span class='ocr_line' id='line_1_26' title="bbox 228 1520 1602 1568; baseline 0 -12"><span class='ocrx_word' id='word_1_213' title='bbox 228 1521 408 1557; x_wconf 92' lang='lat' dir='ltr'><strong>interdum</strong></span> <span class='ocrx_word' id='word_1_214' title='bbox 431 1522 487 1557; x_wconf 89' lang='lat' dir='ltr'><strong>vis</strong></span> <span class='ocrx_word' id='word_1_215' title='bbox 514 1522 594 1567; x_wconf 89' lang='lat' dir='ltr'><strong>ipsa</strong></span> <span class='ocrx_word' id='word_1_216' title='bbox 615 1522 742 1568; x_wconf 89' lang='lat' dir='ltr'><strong>pericli</strong></span> <span class='ocrx_word' id='word_1_217' title='bbox 766 1522 883 1557; x_wconf 86' lang='lat' dir='ltr'><strong>adhuc</strong></span> <span class='ocrx_word' id='word_1_218' title='bbox 905 1522 1083 1558; x_wconf 90' lang='lat' dir='ltr'><strong>stimulum</strong></span> <span class='ocrx_word' id='word_1_219' title='bbox 1106 1522 1244 1557; x_wconf 88' lang='lat' dir='ltr'><strong>timoris</strong></span> <span class='ocrx_word' id='word_1_220' title='bbox 1266 1522 1398 1557; x_wconf 83' lang='lat' dir='ltr'><strong>subdit.</strong></span> <span class='ocrx_word' id='word_1_221' title='bbox 1434 1520 1602 1557; x_wconf 87' lang='lat' dir='ltr'><strong>Molestia</strong></span> 
     </span>
    </p>
   </div>
   <div class='ocr_carea' id='block_1_3' title="bbox 165 1571 1601 1621">
    <p class='ocr_par' dir='ltr' id='par_1_12' title="bbox 165 1571 1601 1621">
     <span class='ocr_line' id='line_1_27' title="bbox 165 1571 1601 1621; baseline -0.001 -13"><span class='ocrx_word' id='word_1_222' title='bbox 165 1614 169 1617; x_wconf 10' lang='lat' dir='ltr'><strong>p</strong></span> <span class='ocrx_word' id='word_1_223' title='bbox 228 1574 339 1618; x_wconf 88' lang='lat' dir='ltr'><strong>igitur</strong></span> <span class='ocrx_word' id='word_1_224' title='bbox 360 1574 414 1608; x_wconf 92' lang='lat' dir='ltr'><strong>illi</strong></span> <span class='ocrx_word' id='word_1_225' title='bbox 437 1585 496 1609; x_wconf 90' lang='lat' dir='ltr'><strong>vv.</strong></span> <span class='ocrx_word' id='word_1_226' title='bbox 518 1577 672 1621; x_wconf 72' lang='lat' dir='ltr'><strong>vacant,</strong></span> <span class='ocrx_word' id='word_1_227' title='bbox 710 1575 816 1609; x_wconf 92' lang='lat' dir='ltr'><strong>immo</strong></span> <span class='ocrx_word' id='word_1_228' title='bbox 840 1574 994 1610; x_wconf 83' lang='lat' dir='ltr'><strong>exclusis</strong></span> <span class='ocrx_word' id='word_1_229' title='bbox 1027 1574 1078 1609; x_wconf 87' lang='lat' dir='ltr'><strong>eis</strong></span> <span class='ocrx_word' id='word_1_230' title='bbox 1100 1584 1296 1618; x_wconf 88' lang='lat' dir='ltr'><strong>pronomen</strong></span> <span class='ocrx_word' id='word_1_231' title='bbox 1324 1571 1467 1620; x_wconf 87' lang='lat' dir='ltr'><strong>„quae“</strong></span> <span class='ocrx_word' id='word_1_232' title='bbox 1492 1573 1529 1607; x_wconf 93' lang='lat' dir='ltr'><strong>in</strong></span> <span class='ocrx_word' id='word_1_233' title='bbox 1552 1572 1601 1607; x_wconf 89' lang='grc'><strong>68</strong></span> 
     </span>
    </p>
   </div>
   <div class='ocr_carea' id='block_1_4' title="bbox 223 1622 1602 2610">
    <p class='ocr_par' dir='ltr' id='par_1_13' title="bbox 226 1622 1602 2038">
     <span class='ocr_line' id='line_1_28' title="bbox 228 1622 1602 1674; baseline -0.001 -14"><span class='ocrx_word' id='word_1_234' title='bbox 228 1626 387 1670; x_wconf 90' lang='lat' dir='ltr'><strong>ineptum</strong></span> <span class='ocrx_word' id='word_1_235' title='bbox 410 1628 476 1672; x_wconf 86' lang='lat' dir='ltr'><strong>est,</strong></span> <span class='ocrx_word' id='word_1_236' title='bbox 505 1636 583 1662; x_wconf 91' lang='lat' dir='ltr'><strong>cum</strong></span> <span class='ocrx_word' id='word_1_237' title='bbox 607 1626 679 1661; x_wconf 87' lang='lat' dir='ltr'><strong>iam</strong></span> <span class='ocrx_word' id='word_1_238' title='bbox 710 1626 842 1661; x_wconf 87' lang='lat' dir='ltr'><strong>evadat</strong></span> <span class='ocrx_word' id='word_1_239' title='bbox 870 1626 1047 1662; x_wconf 87' lang='lat' dir='ltr'><strong>sententia</strong></span> <span class='ocrx_word' id='word_1_240' title='bbox 1070 1622 1130 1674; x_wconf 84' lang='lat' dir='ltr'><strong>(cf.</strong></span> <span class='ocrx_word' id='word_1_241' title='bbox 1154 1623 1252 1673; x_wconf 88' lang='lat' dir='ltr'><strong>Br.):</strong></span> <span class='ocrx_word' id='word_1_242' title='bbox 1286 1625 1354 1660; x_wconf 89' lang='lat' dir='ltr'><strong>nisi</strong></span> <span class='ocrx_word' id='word_1_243' title='bbox 1384 1624 1525 1669; x_wconf 86' lang='lat' dir='ltr'><strong>respuis</strong></span> <span class='ocrx_word' id='word_1_244' title='bbox 1556 1634 1602 1659; x_wconf 86' lang='lat' dir='ltr'><strong>ex</strong></span> 
     </span>
     <span class='ocr_line' id='line_1_29' title="bbox 228 1675 1601 1724; baseline -0.001 -13"><span class='ocrx_word' id='word_1_245' title='bbox 228 1677 346 1712; x_wconf 91' lang='lat' dir='ltr'><strong>animo</strong></span> <span class='ocrx_word' id='word_1_246' title='bbox 369 1677 550 1722; x_wconf 85' lang='lat' dir='ltr'><strong>longeque</strong></span> <span class='ocrx_word' id='word_1_247' title='bbox 573 1677 726 1713; x_wconf 85' lang='lat' dir='ltr'><strong>remittis</strong></span> <span class='ocrx_word' id='word_1_248' title='bbox 749 1681 876 1722; x_wconf 89' lang='lat' dir='ltr'><strong>putare</strong></span> <span class='ocrx_word' id='word_1_249' title='bbox 898 1688 968 1724; x_wconf 87' lang='lat' dir='ltr'><strong>res,</strong></span> <span class='ocrx_word' id='word_1_250' title='bbox 993 1688 1086 1723; x_wconf 90' lang='lat' dir='ltr'><strong>quae</strong></span> <span class='ocrx_word' id='word_1_251' title='bbox 1108 1677 1145 1712; x_wconf 93' lang='lat' dir='ltr'><strong>in</strong></span> <span class='ocrx_word' id='word_1_252' title='bbox 1168 1678 1275 1712; x_wconf 88' lang='lat' dir='ltr'><strong>terris</strong></span> <span class='ocrx_word' id='word_1_253' title='bbox 1299 1677 1470 1721; x_wconf 89' lang='lat' dir='ltr'><strong>caeloque</strong></span> <span class='ocrx_word' id='word_1_254' title='bbox 1492 1675 1601 1722; x_wconf 79' lang='lat' dir='ltr'><strong>fiunt3</strong></span> 
     </span>
     <span class='ocr_line' id='line_1_30' title="bbox 229 1728 1601 1775; baseline -0.002 -11"><span class='ocrx_word' id='word_1_255' title='bbox 229 1729 260 1764; x_wconf 92' lang='lat' dir='ltr'><strong>si</strong></span> <span class='ocrx_word' id='word_1_256' title='bbox 281 1731 402 1763; x_wconf 86' lang='lat' dir='ltr'><strong>tamen</strong></span> <span class='ocrx_word' id='word_1_257' title='bbox 425 1732 704 1775; x_wconf 83' lang='lat' dir='ltr'><strong>conservantur,</strong></span> <span class='ocrx_word' id='word_1_258' title='bbox 738 1729 856 1774; x_wconf 86' lang='lat' dir='ltr'><strong>quivis</strong></span> <span class='ocrx_word' id='word_1_259' title='bbox 888 1729 994 1764; x_wconf 85' lang='lat' dir='ltr'><strong>facile</strong></span> <span class='ocrx_word' id='word_1_260' title='bbox 1026 1740 1072 1764; x_wconf 86' lang='lat' dir='ltr'><strong>ex</strong></span> <span class='ocrx_word' id='word_1_261' title='bbox 1103 1729 1155 1763; x_wconf 89' lang='lat' dir='ltr'><strong>eis</strong></span> <span class='ocrx_word' id='word_1_262' title='bbox 1184 1731 1284 1773; x_wconf 89' lang='lat' dir='ltr'><strong>petet</strong></span> <span class='ocrx_word' id='word_1_263' title='bbox 1313 1739 1383 1773; x_wconf 93' lang='lat' dir='ltr'><strong>quo</strong></span> <span class='ocrx_word' id='word_1_264' title='bbox 1411 1728 1499 1762; x_wconf 91' lang='lat' dir='ltr'><strong>illud</strong></span> <span class='ocrx_word' id='word_1_265' title='bbox 1520 1738 1601 1772; x_wconf 89' lang='lat' dir='ltr'><strong>pro-</strong></span> 
     </span>
     <span class='ocr_line' id='line_1_31' title="bbox 227 1777 1601 1830; baseline -0.001 -15"><span class='ocrx_word' id='word_1_266' title='bbox 227 1790 356 1816; x_wconf 88' lang='lat' dir='ltr'><strong>nomen</strong></span> <span class='ocrx_word' id='word_1_267' title='bbox 375 1780 510 1816; x_wconf 85' lang='lat' dir='ltr'><strong>referat</strong></span> <span class='ocrx_word' id='word_1_268' title='bbox 526 1791 576 1816; x_wconf 90' lang='lat' dir='ltr'><strong>sc.</strong></span> <span class='ocrx_word' id='word_1_269' title='bbox 591 1780 703 1816; x_wconf 88' lang='lat' dir='ltr'><strong>haec:</strong></span> <span class='ocrx_word' id='word_1_270' title='bbox 729 1777 813 1829; x_wconf 92' lang='lat' dir='ltr'><strong>(nisi</strong></span> <span class='ocrx_word' id='word_1_271' title='bbox 828 1781 984 1816; x_wconf 91' lang='lat' dir='ltr'><strong>remittis</strong></span> <span class='ocrx_word' id='word_1_272' title='bbox 1002 1777 1145 1830; x_wconf 88' lang='lat' dir='ltr'><strong>putare)</strong></span> <span class='ocrx_word' id='word_1_273' title='bbox 1169 1781 1257 1816; x_wconf 87' lang='lat' dir='ltr'><strong>deos</strong></span> <span class='ocrx_word' id='word_1_274' title='bbox 1271 1790 1351 1816; x_wconf 90' lang='lat' dir='ltr'><strong>esse</strong></span> <span class='ocrx_word' id='word_1_275' title='bbox 1373 1780 1467 1815; x_wconf 88' lang='lat' dir='ltr'><strong>acris</strong></span> <span class='ocrx_word' id='word_1_276' title='bbox 1490 1778 1601 1814; x_wconf 89' lang='lat' dir='ltr'><strong>domi-</strong></span> 
     </span>
     <span class='ocr_line' id='line_1_32' title="bbox 226 1831 1599 1880; baseline -0.001 -12"><span class='ocrx_word' id='word_1_277' title='bbox 226 1843 292 1868; x_wconf 91' lang='lat' dir='ltr'><strong>nos</strong></span> <span class='ocrx_word' id='word_1_278' title='bbox 308 1835 344 1868; x_wconf 92' lang='lat' dir='ltr'><strong>et</strong></span> <span class='ocrx_word' id='word_1_279' title='bbox 357 1832 531 1878; x_wconf 87' lang='lat' dir='ltr'><strong>perficere</strong></span> <span class='ocrx_word' id='word_1_280' title='bbox 546 1833 675 1868; x_wconf 90' lang='lat' dir='ltr'><strong>omnia.</strong></span> <span class='ocrx_word' id='word_1_281' title='bbox 711 1833 812 1877; x_wconf 79' lang='lat' dir='ltr'><strong>Quae</strong></span> <span class='ocrx_word' id='word_1_282' title='bbox 829 1843 906 1868; x_wconf 90' lang='lat' dir='ltr'><strong>cum</strong></span> <span class='ocrx_word' id='word_1_283' title='bbox 929 1833 983 1869; x_wconf 90' lang='lat' dir='ltr'><strong>ita</strong></span> <span class='ocrx_word' id='word_1_284' title='bbox 1006 1833 1088 1880; x_wconf 89' lang='lat' dir='ltr'><strong>sint,</strong></span> <span class='ocrx_word' id='word_1_285' title='bbox 1112 1833 1344 1868; x_wconf 88' lang='lat' dir='ltr'><strong>retinebimus</strong></span> <span class='ocrx_word' id='word_1_286' title='bbox 1359 1843 1421 1868; x_wconf 90' lang='lat' dir='ltr'><strong>eos</strong></span> <span class='ocrx_word' id='word_1_287' title='bbox 1442 1831 1479 1866; x_wconf 90' lang='lat' dir='ltr'><strong>in</strong></span> <span class='ocrx_word' id='word_1_288' title='bbox 1500 1831 1524 1871; x_wconf 77' lang='lat' dir='ltr'><strong>l,</strong></span> <span class='ocrx_word' id='word_1_289' title='bbox 1539 1831 1599 1877; x_wconf 92' lang='lat' dir='ltr'><strong>VI,</strong></span> 
     </span>
     <span class='ocr_line' id='line_1_33' title="bbox 227 1883 1599 1930; baseline -0.001 -11"><span class='ocrx_word' id='word_1_290' title='bbox 227 1896 445 1929; x_wconf 88' lang='lat' dir='ltr'><strong>quamquam</strong></span> <span class='ocrx_word' id='word_1_291' title='bbox 461 1886 498 1919; x_wconf 92' lang='lat' dir='ltr'><strong>in</strong></span> <span class='ocrx_word' id='word_1_292' title='bbox 521 1885 542 1920; x_wconf 92' lang='lat' dir='ltr'><strong>l.</strong></span> <span class='ocrx_word' id='word_1_293' title='bbox 559 1886 591 1920; x_wconf 96' lang='lat' dir='ltr'><strong>V</strong></span> <span class='ocrx_word' id='word_1_294' title='bbox 604 1885 771 1930; x_wconf 88' lang='lat' dir='ltr'><strong>primitus</strong></span> <span class='ocrx_word' id='word_1_295' title='bbox 787 1896 848 1920; x_wconf 91' lang='lat' dir='ltr'><strong>eos</strong></span> <span class='ocrx_word' id='word_1_296' title='bbox 869 1886 1007 1930; x_wconf 90' lang='lat' dir='ltr'><strong>positos</strong></span> <span class='ocrx_word' id='word_1_297' title='bbox 1024 1896 1103 1920; x_wconf 89' lang='lat' dir='ltr'><strong>esse</strong></span> <span class='ocrx_word' id='word_1_298' title='bbox 1126 1896 1196 1920; x_wconf 93' lang='lat' dir='ltr'><strong>non</strong></span> <span class='ocrx_word' id='word_1_299' title='bbox 1219 1887 1275 1920; x_wconf 86' lang='lat' dir='ltr'><strong>cst</strong></span> <span class='ocrx_word' id='word_1_300' title='bbox 1297 1883 1394 1929; x_wconf 88' lang='lat' dir='ltr'><strong>quod</strong></span> <span class='ocrx_word' id='word_1_301' title='bbox 1415 1893 1599 1929; x_wconf 85' lang='lat' dir='ltr'><strong>negemus.</strong></span> 
     </span>
     <span class='ocr_line' id='line_1_34' title="bbox 332 1935 1539 1972; baseline -0.001 -2"><span class='ocrx_word' id='word_1_302' title='bbox 332 1937 349 1970; x_wconf 98' lang='lat' dir='ltr'>I</span> <span class='ocrx_word' id='word_1_303' title='bbox 372 1937 552 1971; x_wconf 86' lang='lat'>817—19</span> <span class='ocrx_word' id='word_1_304' title='bbox 577 1951 627 1967; x_wconf 71' lang='lat' dir='ltr'><em>z</em></span> <span class='ocrx_word' id='word_1_305' title='bbox 650 1937 667 1971; x_wconf 96' lang='lat' dir='ltr'>I</span> <span class='ocrx_word' id='word_1_306' title='bbox 691 1937 872 1971; x_wconf 82' lang='grc'><strong>908-10</strong></span> <span class='ocrx_word' id='word_1_307' title='bbox 895 1952 945 1968; x_wconf 74' lang='lat' dir='ltr'><strong><em>z</em></strong></span> <span class='ocrx_word' id='word_1_308' title='bbox 968 1938 1002 1972; x_wconf 87' lang='lat' dir='ltr'>H</span> <span class='ocrx_word' id='word_1_309' title='bbox 1026 1937 1205 1972; x_wconf 84' lang='lat'>760—62</span> <span class='ocrx_word' id='word_1_310' title='bbox 1230 1950 1280 1967; x_wconf 71' lang='lat' dir='ltr'><em>z</em></span> <span class='ocrx_word' id='word_1_311' title='bbox 1303 1937 1337 1971; x_wconf 93' lang='lat' dir='ltr'><strong>II</strong></span> <span class='ocrx_word' id='word_1_312' title='bbox 1363 1935 1539 1971; x_wconf 86' lang='lat'>1007—9</span> 
     </span>
     <span class='ocr_line' id='line_1_35' title="bbox 529 1985 805 2038; baseline 0.004 -15"><span class='ocrx_word' id='word_1_313' title='bbox 529 1985 614 2038; x_wconf 85' lang='lat' dir='ltr'><strong>(Gn.</strong></span> <span class='ocrx_word' id='word_1_314' title='bbox 639 1989 687 2023; x_wconf 86' lang='lat'><strong>57</strong></span> <span class='ocrx_word' id='word_1_315' title='bbox 708 1987 805 2038; x_wconf 89' lang='lat' dir='ltr'><strong>sqq.)</strong></span> 
     </span>
    </p>

    <p class='ocr_par' dir='ltr' id='par_1_14' title="bbox 277 2040 1185 2087">
     <span class='ocr_line' id='line_1_36' title="bbox 277 2040 1185 2087; baseline 0 -12"><span class='ocrx_word' id='word_1_316' title='bbox 277 2043 386 2085; x_wconf 90' lang='lat' dir='ltr'><strong>atque</strong></span> <span class='ocrx_word' id='word_1_317' title='bbox 415 2040 541 2075; x_wconf 90' lang='lat' dir='ltr'><strong>eadem</strong></span> <span class='ocrx_word' id='word_1_318' title='bbox 564 2041 686 2085; x_wconf 88' lang='lat' dir='ltr'><strong>magni</strong></span> <span class='ocrx_word' id='word_1_319' title='bbox 709 2040 820 2076; x_wconf 88' lang='lat' dir='ltr'><strong>refert</strong></span> <span class='ocrx_word' id='word_1_320' title='bbox 846 2041 1042 2086; x_wconf 88' lang='lat' dir='ltr'><strong>primordia</strong></span> <span class='ocrx_word' id='word_1_321' title='bbox 1063 2051 1185 2087; x_wconf 85' lang='lat' dir='ltr'><strong>saepe,</strong></span> 
     </span>
    </p>

    <p class='ocr_par' dir='ltr' id='par_1_15' title="bbox 279 2092 1166 2137">
     <span class='ocr_line' id='line_1_37' title="bbox 279 2092 1166 2137; baseline 0 -10"><span class='ocrx_word' id='word_1_322' title='bbox 279 2103 357 2127; x_wconf 91' lang='lat' dir='ltr'><strong>cum</strong></span> <span class='ocrx_word' id='word_1_323' title='bbox 383 2092 512 2136; x_wconf 89' lang='lat' dir='ltr'><strong>quibus</strong></span> <span class='ocrx_word' id='word_1_324' title='bbox 536 2095 572 2127; x_wconf 92' lang='lat' dir='ltr'><strong>et</strong></span> <span class='ocrx_word' id='word_1_325' title='bbox 601 2092 698 2137; x_wconf 89' lang='lat' dir='ltr'><strong>quali</strong></span> <span class='ocrx_word' id='word_1_326' title='bbox 726 2092 887 2137; x_wconf 87' lang='lat' dir='ltr'><strong>positura</strong></span> <span class='ocrx_word' id='word_1_327' title='bbox 916 2092 1166 2128; x_wconf 90' lang='lat' dir='ltr'><strong>contineantur</strong></span> 
     </span>
    </p>

    <p class='ocr_par' dir='ltr' id='par_1_16' title="bbox 223 2144 1601 2610">
     <span class='ocr_line' id='line_1_38' title="bbox 278 2144 1139 2190; baseline 0 -11"><span class='ocrx_word' id='word_1_328' title='bbox 278 2146 314 2179; x_wconf 90' lang='lat' dir='ltr'><strong>et</strong></span> <span class='ocrx_word' id='word_1_329' title='bbox 338 2155 429 2188; x_wconf 91' lang='lat' dir='ltr'><strong>quos</strong></span> <span class='ocrx_word' id='word_1_330' title='bbox 453 2144 547 2179; x_wconf 90' lang='lat' dir='ltr'><strong>inter</strong></span> <span class='ocrx_word' id='word_1_331' title='bbox 570 2155 608 2179; x_wconf 89' lang='lat' dir='ltr'><strong>se</strong></span> <span class='ocrx_word' id='word_1_332' title='bbox 632 2145 717 2179; x_wconf 90' lang='lat' dir='ltr'><strong>dent</strong></span> <span class='ocrx_word' id='word_1_333' title='bbox 738 2147 854 2180; x_wconf 92' lang='lat' dir='ltr'><strong>motus</strong></span> <span class='ocrx_word' id='word_1_334' title='bbox 876 2145 1139 2190; x_wconf 87' lang='lat' dir='ltr'><strong>accipiantque.</strong></span> 
     </span>
     <span class='ocr_line' id='line_1_39' title="bbox 226 2194 1601 2241; baseline -0.001 -11"><span class='ocrx_word' id='word_1_335' title='bbox 226 2195 392 2230; x_wconf 82' lang='lat' dir='ltr'><strong>Gneissio</strong></span> <span class='ocrx_word' id='word_1_336' title='bbox 430 2206 491 2231; x_wconf 89' lang='lat' dir='ltr'><strong>eos</strong></span> <span class='ocrx_word' id='word_1_337' title='bbox 526 2207 585 2231; x_wconf 83' lang='lat' dir='ltr'><strong>vv.</strong></span> <span class='ocrx_word' id='word_1_338' title='bbox 620 2196 736 2241; x_wconf 91' lang='lat' dir='ltr'><strong>primo</strong></span> <span class='ocrx_word' id='word_1_339' title='bbox 770 2197 849 2231; x_wconf 92' lang='lat' dir='ltr'><strong>loco</strong></span> <span class='ocrx_word' id='word_1_340' title='bbox 886 2196 998 2231; x_wconf 88' lang='lat' dir='ltr'><strong>deleri</strong></span> <span class='ocrx_word' id='word_1_341' title='bbox 1029 2195 1168 2232; x_wconf 90' lang='lat' dir='ltr'><strong>iubenti</strong></span> <span class='ocrx_word' id='word_1_342' title='bbox 1199 2195 1290 2231; x_wconf 88' lang='lat' dir='ltr'><strong>adeo</strong></span> <span class='ocrx_word' id='word_1_343' title='bbox 1321 2206 1392 2230; x_wconf 91' lang='lat' dir='ltr'><strong>non</strong></span> <span class='ocrx_word' id='word_1_344' title='bbox 1422 2194 1601 2230; x_wconf 87' lang='lat' dir='ltr'><strong>assentior</strong></span> 
     </span>
     <span class='ocr_line' id='line_1_40' title="bbox 224 2246 1601 2294; baseline 0 -12"><span class='ocrx_word' id='word_1_345' title='bbox 224 2250 264 2283; x_wconf 92' lang='lat' dir='ltr'><strong>ut</strong></span> <span class='ocrx_word' id='word_1_346' title='bbox 295 2248 500 2284; x_wconf 86' lang='lat' dir='ltr'><strong>necessario</strong></span> <span class='ocrx_word' id='word_1_347' title='bbox 533 2258 595 2284; x_wconf 90' lang='lat' dir='ltr'><strong>eos</strong></span> <span class='ocrx_word' id='word_1_348' title='bbox 626 2248 763 2293; x_wconf 88' lang='lat' dir='ltr'><strong>requiri</strong></span> <span class='ocrx_word' id='word_1_349' title='bbox 794 2248 1007 2284; x_wconf 87' lang='lat' dir='ltr'><strong>existimem.</strong></span> <span class='ocrx_word' id='word_1_350' title='bbox 1062 2247 1165 2292; x_wconf 82' lang='lat' dir='ltr'><strong>Quod</strong></span> <span class='ocrx_word' id='word_1_351' title='bbox 1196 2250 1236 2283; x_wconf 90' lang='lat' dir='ltr'><strong>ut</strong></span> <span class='ocrx_word' id='word_1_352' title='bbox 1265 2248 1433 2294; x_wconf 88' lang='lat' dir='ltr'><strong>probem,</strong></span> <span class='ocrx_word' id='word_1_353' title='bbox 1463 2246 1601 2282; x_wconf 92' lang='lat' dir='ltr'><strong>subicio</strong></span> 
     </span>
     <span class='ocr_line' id='line_1_41' title="bbox 225 2299 1601 2345; baseline -0.001 -11"><span class='ocrx_word' id='word_1_354' title='bbox 225 2300 423 2335; x_wconf 90' lang='lat' dir='ltr'><strong>sententias</strong></span> <span class='ocrx_word' id='word_1_355' title='bbox 464 2303 503 2335; x_wconf 93' lang='lat' dir='ltr'><strong>ut</strong></span> <span class='ocrx_word' id='word_1_356' title='bbox 547 2299 633 2334; x_wconf 92' lang='lat' dir='ltr'><strong>mihi</strong></span> <span class='ocrx_word' id='word_1_357' title='bbox 679 2300 850 2345; x_wconf 87' lang='lat' dir='ltr'><strong>progredi</strong></span> <span class='ocrx_word' id='word_1_358' title='bbox 893 2301 1078 2336; x_wconf 85' lang='lat' dir='ltr'><strong>videntur:</strong></span> <span class='ocrx_word' id='word_1_359' title='bbox 1131 2311 1253 2335; x_wconf 91' lang='lat' dir='ltr'><strong>omnes</strong></span> <span class='ocrx_word' id='word_1_360' title='bbox 1301 2299 1501 2335; x_wconf 89' lang='lat' dir='ltr'><strong>animantes</strong></span> <span class='ocrx_word' id='word_1_361' title='bbox 1546 2299 1601 2334; x_wconf 92' lang='lat' dir='ltr'><strong>sui</strong></span> 
     </span>
     <span class='ocr_line' id='line_1_42' title="bbox 226 2350 1601 2399; baseline -0.001 -13"><span class='ocrx_word' id='word_1_362' title='bbox 226 2362 405 2396; x_wconf 88' lang='lat' dir='ltr'><strong>quamque</strong></span> <span class='ocrx_word' id='word_1_363' title='bbox 447 2351 591 2396; x_wconf 88' lang='lat' dir='ltr'><strong>generis</strong></span> <span class='ocrx_word' id='word_1_364' title='bbox 632 2351 828 2396; x_wconf 85' lang='lat' dir='ltr'><strong>primordia</strong></span> <span class='ocrx_word' id='word_1_365' title='bbox 870 2352 989 2399; x_wconf 71' lang='lat' dir='ltr'><strong>alunt,</strong></span> <span class='ocrx_word' id='word_1_366' title='bbox 1034 2351 1135 2396; x_wconf 89' lang='lat' dir='ltr'><strong>atqui</strong></span> <span class='ocrx_word' id='word_1_367' title='bbox 1170 2351 1263 2386; x_wconf 90' lang='lat' dir='ltr'><strong>idem</strong></span> <span class='ocrx_word' id='word_1_368' title='bbox 1299 2351 1399 2386; x_wconf 90' lang='lat' dir='ltr'><strong>cibus</strong></span> <span class='ocrx_word' id='word_1_369' title='bbox 1440 2350 1601 2385; x_wconf 80' lang='lat' dir='ltr'><strong>diversas</strong></span> 
     </span>
     <span class='ocr_line' id='line_1_43' title="bbox 224 2402 1600 2451; baseline -0.001 -13"><span class='ocrx_word' id='word_1_370' title='bbox 224 2403 288 2438; x_wconf 87' lang='lat' dir='ltr'><strong>alit</strong></span> <span class='ocrx_word' id='word_1_371' title='bbox 318 2404 539 2451; x_wconf 82' lang='lat' dir='ltr'><strong>animantes3</strong></span> <span class='ocrx_word' id='word_1_372' title='bbox 574 2414 661 2449; x_wconf 88' lang='lat' dir='ltr'><strong>ergo</strong></span> <span class='ocrx_word' id='word_1_373' title='bbox 693 2403 788 2439; x_wconf 91' lang='lat' dir='ltr'><strong>idem</strong></span> <span class='ocrx_word' id='word_1_374' title='bbox 825 2404 925 2440; x_wconf 91' lang='lat' dir='ltr'><strong>cibus</strong></span> <span class='ocrx_word' id='word_1_375' title='bbox 957 2414 976 2439; x_wconf 92' lang='lat' dir='ltr'><strong>e</strong></span> <span class='ocrx_word' id='word_1_376' title='bbox 1012 2404 1233 2440; x_wconf 85' lang='lat' dir='ltr'><strong>diversarum</strong></span> <span class='ocrx_word' id='word_1_377' title='bbox 1262 2403 1492 2439; x_wconf 82' lang='lat' dir='ltr'><strong>animantium</strong></span> <span class='ocrx_word' id='word_1_378' title='bbox 1528 2402 1600 2448; x_wconf 89' lang='lat' dir='ltr'><strong>pri-</strong></span> 
     </span>
     <span class='ocr_line' id='line_1_44' title="bbox 223 2455 1601 2500; baseline -0.001 -10"><span class='ocrx_word' id='word_1_379' title='bbox 223 2455 372 2490; x_wconf 88' lang='lat' dir='ltr'><strong>mordiis</strong></span> <span class='ocrx_word' id='word_1_380' title='bbox 411 2458 564 2491; x_wconf 89' lang='lat' dir='ltr'><strong>constat.</strong></span> <span class='ocrx_word' id='word_1_381' title='bbox 642 2456 758 2500; x_wconf 85' lang='lat' dir='ltr'><strong>Saepe</strong></span> <span class='ocrx_word' id='word_1_382' title='bbox 795 2459 914 2491; x_wconf 87' lang='lat' dir='ltr'><strong>tamen</strong></span> <span class='ocrx_word' id='word_1_383' title='bbox 950 2457 1008 2491; x_wconf 91' lang='lat' dir='ltr'><strong>vel</strong></span> <span class='ocrx_word' id='word_1_384' title='bbox 1044 2456 1168 2492; x_wconf 89' lang='lat' dir='ltr'><strong>eadem</strong></span> <span class='ocrx_word' id='word_1_385' title='bbox 1203 2455 1400 2500; x_wconf 89' lang='lat' dir='ltr'><strong>primordia</strong></span> <span class='ocrx_word' id='word_1_386' title='bbox 1439 2455 1601 2490; x_wconf 85' lang='lat' dir='ltr'><strong>diversas</strong></span> 
     </span>
     <span class='ocr_line' id='line_1_45' title="bbox 223 2505 1599 2558; baseline 0 -16"><span class='ocrx_word' id='word_1_387' title='bbox 223 2518 282 2543; x_wconf 88' lang='lat' dir='ltr'><strong>res</strong></span> <span class='ocrx_word' id='word_1_388' title='bbox 304 2508 525 2544; x_wconf 89' lang='lat' dir='ltr'><strong>constituunt</strong></span> <span class='ocrx_word' id='word_1_389' title='bbox 546 2505 613 2557; x_wconf 89' lang='lat' dir='ltr'><strong>(sc.</strong></span> <span class='ocrx_word' id='word_1_390' title='bbox 638 2509 736 2543; x_wconf 92' lang='lat' dir='ltr'><strong>motu</strong></span> <span class='ocrx_word' id='word_1_391' title='bbox 758 2508 918 2553; x_wconf 88' lang='lat' dir='ltr'><strong>positura</strong></span> <span class='ocrx_word' id='word_1_392' title='bbox 942 2535 951 2544; x_wconf 90' lang='lat'><strong>.</strong></span> <span class='ocrx_word' id='word_1_393' title='bbox 976 2535 984 2544; x_wconf 91' lang='lat'><strong>.</strong></span> <span class='ocrx_word' id='word_1_394' title='bbox 1010 2505 1048 2558; x_wconf 90' lang='lat'><strong>.).</strong></span> <span class='ocrx_word' id='word_1_395' title='bbox 1103 2508 1204 2543; x_wconf 84' lang='lat' dir='ltr'><strong>Haec</strong></span> <span class='ocrx_word' id='word_1_396' title='bbox 1231 2506 1411 2543; x_wconf 85' lang='lat' dir='ltr'><strong>sententia</strong></span> <span class='ocrx_word' id='word_1_397' title='bbox 1432 2506 1463 2542; x_wconf 86' lang='lat' dir='ltr'><strong>si</strong></span> <span class='ocrx_word' id='word_1_398' title='bbox 1486 2506 1599 2554; x_wconf 85' lang='lat' dir='ltr'><strong>abest,</strong></span> 
     </span>
     <span class='ocr_line' id='line_1_46' title="bbox 224 2557 1600 2610; baseline 0 -15"><span class='ocrx_word' id='word_1_399' title='bbox 224 2571 294 2595; x_wconf 91' lang='lat' dir='ltr'><strong>non</strong></span> <span class='ocrx_word' id='word_1_400' title='bbox 336 2564 486 2606; x_wconf 86' lang='lat' dir='ltr'><strong>possunt</strong></span> <span class='ocrx_word' id='word_1_401' title='bbox 526 2560 688 2605; x_wconf 86' lang='lat' dir='ltr'><strong>intellegi</strong></span> <span class='ocrx_word' id='word_1_402' title='bbox 734 2571 827 2605; x_wconf 91' lang='lat' dir='ltr'><strong>quae</strong></span> <span class='ocrx_word' id='word_1_403' title='bbox 873 2565 1089 2606; x_wconf 90' lang='lat' dir='ltr'><strong>sequuntur:</strong></span> <span class='ocrx_word' id='word_1_404' title='bbox 1134 2557 1243 2610; x_wconf 82' lang='lat'>(820)</span> <span class='ocrx_word' id='word_1_405' title='bbox 1278 2570 1432 2604; x_wconf 88' lang='lat' dir='ltr'><strong>namque</strong></span> <span class='ocrx_word' id='word_1_406' title='bbox 1475 2559 1600 2595; x_wconf 88' lang='lat' dir='ltr'><strong>eadem</strong></span> 
     </span>
    </p>
   </div>
  </div>
 </body>
</html>
