<?xml version="1.0" encoding="UTF-8"?>
<!DOCTYPE html PUBLIC "-//W3C//DTD XHTML 1.0 Transitional//EN"
    "http://www.w3.org/TR/xhtml1/DTD/xhtml1-transitional.dtd">
<html xmlns="http://www.w3.org/1999/xhtml" xml:lang="en" lang="en">
 <head>
  <title>
</title>
<meta http-equiv="Content-Type" content="text/html;charset=utf-8" />
  <meta name='ocr-system' content='tesseract 3.04.00' />
  <meta name='ocr-capabilities' content='ocr_page ocr_carea ocr_par ocr_line ocrx_word'/>
</head>
<body>
  <div class='ocr_page' id='page_1' title='image "./4738080_0049.png"; bbox 0 0 1809 3046; ppageno 0'>
   <div class='ocr_carea' id='block_1_1' title="bbox 880 184 1086 219">
    <p class='ocr_par' dir='ltr' id='par_1_1' title="bbox 880 184 1086 219">
     <span class='ocr_line' id='line_1_1' title="bbox 880 184 1086 219; baseline -0.005 -9"><span class='ocrx_word' id='word_1_1' title='bbox 880 184 1086 219; x_wconf 75' lang='lat'>-42-</span> 
     </span>
    </p>
   </div>
   <div class='ocr_carea' id='block_1_2' title="bbox 292 285 1672 798">
    <p class='ocr_par' dir='ltr' id='par_1_2' title="bbox 292 285 1672 683">
     <span class='ocr_line' id='line_1_2' title="bbox 294 285 1669 334; baseline 0.002 -14"><span class='ocrx_word' id='word_1_2' title='bbox 294 285 508 322; x_wconf 88' lang='lat' dir='ltr'><strong>monstravit</strong></span> <span class='ocrx_word' id='word_1_3' title='bbox 529 285 724 322; x_wconf 76' lang='lat' dir='ltr'><strong>Goebelius</strong></span> <span class='ocrx_word' id='word_1_4' title='bbox 745 286 840 323; x_wconf 88' lang='lat' dir='ltr'><strong>inter</strong></span> <span class='ocrx_word' id='word_1_5' title='bbox 861 287 1058 323; x_wconf 77' lang='lat' dir='ltr'><strong>sententias</strong></span> <span class='ocrx_word' id='word_1_6' title='bbox 1080 287 1183 323; x_wconf 77' lang='lat' dir='ltr'><strong>huius</strong></span> <span class='ocrx_word' id='word_1_7' title='bbox 1206 290 1243 323; x_wconf 91' lang='lat' dir='ltr'><strong>et</strong></span> <span class='ocrx_word' id='word_1_8' title='bbox 1264 286 1511 324; x_wconf 88' lang='lat' dir='ltr'><strong>antecedentis</strong></span> <span class='ocrx_word' id='word_1_9' title='bbox 1532 296 1669 334; x_wconf 82' lang='lat' dir='ltr'><strong>versus,</strong></span> 
     </span>
     <span class='ocr_line' id='line_1_3' title="bbox 294 337 1670 386; baseline 0.003 -15"><span class='ocrx_word' id='word_1_10' title='bbox 294 337 410 381; x_wconf 83' lang='lat' dir='ltr'><strong>quivis</strong></span> <span class='ocrx_word' id='word_1_11' title='bbox 433 338 561 382; x_wconf 86' lang='lat' dir='ltr'><strong>opinor</strong></span> <span class='ocrx_word' id='word_1_12' title='bbox 581 337 689 374; x_wconf 84' lang='lat' dir='ltr'><strong>facile</strong></span> <span class='ocrx_word' id='word_1_13' title='bbox 720 338 790 374; x_wconf 86' lang='grc'><strong>1186</strong></span> <span class='ocrx_word' id='word_1_14' title='bbox 818 340 957 375; x_wconf 82' lang='grc'><strong>18110116</strong></span> <span class='ocrx_word' id='word_1_15' title='bbox 980 339 1160 384; x_wconf 83' lang='lat' dir='ltr'>explebit:</span> <span class='ocrx_word' id='word_1_16' title='bbox 1192 350 1315 376; x_wconf 86' lang='lat' dir='ltr'><strong>omnes</strong></span> <span class='ocrx_word' id='word_1_17' title='bbox 1344 340 1585 386; x_wconf 85' lang='lat' dir='ltr'><strong>proprietates</strong></span> <span class='ocrx_word' id='word_1_18' title='bbox 1615 349 1670 375; x_wconf 89' lang='lat' dir='ltr'><strong>se-</strong></span> 
     </span>
     <span class='ocr_line' id='line_1_4' title="bbox 292 389 1672 437; baseline 0.002 -14"><span class='ocrx_word' id='word_1_19' title='bbox 292 389 434 424; x_wconf 87' lang='lat' dir='ltr'><strong>iunctae</strong></span> <span class='ocrx_word' id='word_1_20' title='bbox 457 390 530 425; x_wconf 87' lang='lat' dir='ltr'><strong>sint</strong></span> <span class='ocrx_word' id='word_1_21' title='bbox 552 400 701 426; x_wconf 84' lang='lat' dir='ltr'><strong>necesse</strong></span> <span class='ocrx_word' id='word_1_22' title='bbox 725 394 781 427; x_wconf 84' lang='lat' dir='ltr'><strong>est</strong></span> <span class='ocrx_word' id='word_1_23' title='bbox 803 403 825 427; x_wconf 88' lang='lat' dir='ltr'><strong>a</strong></span> <span class='ocrx_word' id='word_1_24' title='bbox 846 391 1044 437; x_wconf 88' lang='lat' dir='ltr'><strong>principiis,</strong></span> <span class='ocrx_word' id='word_1_25' title='bbox 1068 391 1100 426; x_wconf 86' lang='lat' dir='ltr'><strong>si</strong></span> <span class='ocrx_word' id='word_1_26' title='bbox 1122 391 1337 428; x_wconf 76' lang='lat' dir='ltr'><strong>immortalia</strong></span> <span class='ocrx_word' id='word_1_27' title='bbox 1357 391 1603 437; x_wconf 82' lang='lat' dir='ltr'><strong>fundamenta,</strong></span> <span class='ocrx_word' id='word_1_28' title='bbox 1626 401 1672 426; x_wconf 85' lang='lat' dir='ltr'><strong>ex</strong></span> 
     </span>
     <span class='ocr_line' id='line_1_5' title="bbox 293 440 1671 490; baseline 0.002 -15"><span class='ocrx_word' id='word_1_29' title='bbox 293 440 422 485; x_wconf 87' lang='lat' dir='ltr'><strong>quibus</strong></span> <span class='ocrx_word' id='word_1_30' title='bbox 444 442 564 477; x_wconf 90' lang='lat' dir='ltr'><strong>omnia</strong></span> <span class='ocrx_word' id='word_1_31' title='bbox 586 442 760 490; x_wconf 83' lang='lat' dir='ltr'><strong>oriuntur,</strong></span> <span class='ocrx_word' id='word_1_32' title='bbox 796 445 904 480; x_wconf 88' lang='lat' dir='ltr'><strong>rebus</strong></span> <span class='ocrx_word' id='word_1_33' title='bbox 927 442 1144 488; x_wconf 84' lang='lat' dir='ltr'><strong>subiungere</strong></span> <span class='ocrx_word' id='word_1_34' title='bbox 1166 444 1340 480; x_wconf 82' lang='lat' dir='ltr'><strong>volumus.</strong></span> <span class='ocrx_word' id='word_1_35' title='bbox 1395 444 1491 480; x_wconf 91' lang='lat' dir='ltr'><strong>Hoc</strong></span> <span class='ocrx_word' id='word_1_36' title='bbox 1517 446 1671 479; x_wconf 91' lang='lat' dir='ltr'><strong>autem</strong></span> 
     </span>
     <span class='ocr_line' id='line_1_6' title="bbox 292 493 1670 541; baseline 0.001 -14"><span class='ocrx_word' id='word_1_37' title='bbox 292 493 613 529; x_wconf 85' lang='lat' dir='ltr'><strong>necessarium</strong></span> <span class='ocrx_word' id='word_1_38' title='bbox 646 497 735 541; x_wconf 87' lang='lat' dir='ltr'><strong>est,</strong></span> <span class='ocrx_word' id='word_1_39' title='bbox 767 506 813 530; x_wconf 90' lang='lat' dir='ltr'><strong>ne</strong></span> <span class='ocrx_word' id='word_1_40' title='bbox 844 496 911 531; x_wconf 89' lang='lat' dir='ltr'><strong>tibi</strong></span> <span class='ocrx_word' id='word_1_41' title='bbox 939 506 997 530; x_wconf 83' lang='lat' dir='ltr'><strong>res</strong></span> <span class='ocrx_word' id='word_1_42' title='bbox 1028 495 1075 530; x_wconf 90' lang='lat' dir='ltr'><strong>ad</strong></span> <span class='ocrx_word' id='word_1_43' title='bbox 1106 495 1218 530; x_wconf 87' lang='lat' dir='ltr'><strong>nilum</strong></span> <span class='ocrx_word' id='word_1_44' title='bbox 1238 495 1401 532; x_wconf 80' lang='lat' dir='ltr'><strong>redeant.</strong></span> <span class='ocrx_word' id='word_1_45' title='bbox 1456 496 1535 532; x_wconf 86' lang='lat' dir='ltr'><strong>Hac</strong></span> <span class='ocrx_word' id='word_1_46' title='bbox 1561 495 1670 530; x_wconf 88' lang='lat' dir='ltr'><strong>inter-</strong></span> 
     </span>
     <span class='ocr_line' id='line_1_7' title="bbox 293 545 1670 593; baseline 0.001 -14"><span class='ocrx_word' id='word_1_47' title='bbox 293 545 508 591; x_wconf 81' lang='lat' dir='ltr'><strong>pretatione,</strong></span> <span class='ocrx_word' id='word_1_48' title='bbox 532 546 563 581; x_wconf 84' lang='grc'><strong>81</strong></span> <span class='ocrx_word' id='word_1_49' title='bbox 585 556 674 582; x_wconf 84' lang='lat' dir='ltr'><strong>vera</strong></span> <span class='ocrx_word' id='word_1_50' title='bbox 696 550 762 593; x_wconf 87' lang='lat' dir='ltr'><strong>est,</strong></span> <span class='ocrx_word' id='word_1_51' title='bbox 787 547 891 582; x_wconf 89' lang='lat' dir='ltr'><strong>simul</strong></span> <span class='ocrx_word' id='word_1_52' title='bbox 913 547 1087 591; x_wconf 88' lang='lat' dir='ltr'><strong>probatur</strong></span> <span class='ocrx_word' id='word_1_53' title='bbox 1108 547 1322 583; x_wconf 81' lang='lat' dir='ltr'><strong>sententiam</strong></span> <span class='ocrx_word' id='word_1_54' title='bbox 1343 557 1512 583; x_wconf 84' lang='lat' dir='ltr'><strong>versuum</strong></span> <span class='ocrx_word' id='word_1_55' title='bbox 1534 547 1623 582; x_wconf 82' lang='lat'><strong>862.</strong></span> <span class='ocrx_word' id='word_1_56' title='bbox 1648 547 1670 581; x_wconf 89' lang='grc'><strong>3</strong></span> 
     </span>
     <span class='ocr_line' id='line_1_8' title="bbox 293 595 1670 643; baseline 0.001 -13"><span class='ocrx_word' id='word_1_57' title='bbox 293 616 345 622; x_wconf 86' lang='lat'><strong>--</strong></span> <span class='ocrx_word' id='word_1_58' title='bbox 374 595 412 630; x_wconf 91' lang='lat' dir='ltr'><strong>id</strong></span> <span class='ocrx_word' id='word_1_59' title='bbox 442 598 538 641; x_wconf 90' lang='lat' dir='ltr'><strong>quod</strong></span> <span class='ocrx_word' id='word_1_60' title='bbox 563 598 749 634; x_wconf 82' lang='lat' dir='ltr'><strong>contendit</strong></span> <span class='ocrx_word' id='word_1_61' title='bbox 772 598 964 634; x_wconf 84' lang='lat' dir='ltr'><strong>Goebelius</strong></span> <span class='ocrx_word' id='word_1_62' title='bbox 993 618 1043 623; x_wconf 94' lang='lat'><strong>—</strong></span> <span class='ocrx_word' id='word_1_63' title='bbox 1072 608 1143 632; x_wconf 92' lang='lat' dir='ltr'><strong>non</strong></span> <span class='ocrx_word' id='word_1_64' title='bbox 1171 599 1322 634; x_wconf 88' lang='lat' dir='ltr'><strong>eandem</strong></span> <span class='ocrx_word' id='word_1_65' title='bbox 1349 609 1429 634; x_wconf 89' lang='lat' dir='ltr'><strong>esse</strong></span> <span class='ocrx_word' id='word_1_66' title='bbox 1453 601 1563 643; x_wconf 81' lang='lat' dir='ltr'><strong>atque</strong></span> <span class='ocrx_word' id='word_1_67' title='bbox 1589 608 1670 633; x_wconf 88' lang='lat' dir='ltr'><strong>ver-</strong></span> 
     </span>
     <span class='ocr_line' id='line_1_9' title="bbox 292 648 471 683; baseline 0 -1"><span class='ocrx_word' id='word_1_68' title='bbox 292 658 353 682; x_wconf 87' lang='lat' dir='ltr'><strong>sus</strong></span> <span class='ocrx_word' id='word_1_69' title='bbox 382 648 471 683; x_wconf 84' lang='lat'><strong>864.</strong></span> 
     </span>
    </p>

    <p class='ocr_par' dir='ltr' id='par_1_3' title="bbox 292 699 1672 798">
     <span class='ocr_line' id='line_1_10' title="bbox 399 699 1672 748; baseline -0.001 -12"><span class='ocrx_word' id='word_1_70' title='bbox 399 699 538 737; x_wconf 83' lang='lat' dir='ltr'><strong>Ceteris</strong></span> <span class='ocrx_word' id='word_1_71' title='bbox 555 701 648 739; x_wconf 79' lang='grc'><strong>,10618</strong></span> <span class='ocrx_word' id='word_1_72' title='bbox 670 701 729 737; x_wconf 87' lang='grc'><strong>1116</strong></span> <span class='ocrx_word' id='word_1_73' title='bbox 749 713 784 737; x_wconf 87' lang='lat' dir='ltr'><strong>v.</strong></span> <span class='ocrx_word' id='word_1_74' title='bbox 807 702 976 738; x_wconf 90' lang='lat' dir='ltr'><strong>Lucretio</strong></span> <span class='ocrx_word' id='word_1_75' title='bbox 1006 714 1078 738; x_wconf 91' lang='lat' dir='ltr'><strong>non</strong></span> <span class='ocrx_word' id='word_1_76' title='bbox 1112 713 1178 748; x_wconf 89' lang='lat' dir='ltr'><strong>per</strong></span> <span class='ocrx_word' id='word_1_77' title='bbox 1208 713 1247 738; x_wconf 92' lang='grc'><strong>86</strong></span> <span class='ocrx_word' id='word_1_78' title='bbox 1278 704 1376 739; x_wconf 91' lang='grc'><strong>801118</strong></span> <span class='ocrx_word' id='word_1_79' title='bbox 1406 701 1595 748; x_wconf 83' lang='lat' dir='ltr'><strong>adimitur3</strong></span> <span class='ocrx_word' id='word_1_80' title='bbox 1627 700 1672 736; x_wconf 89' lang='lat' dir='ltr'><strong>de</strong></span> 
     </span>
     <span class='ocr_line' id='line_1_11' title="bbox 292 752 969 798; baseline 0.006 -13"><span class='ocrx_word' id='word_1_81' title='bbox 292 752 464 795; x_wconf 85' lang='lat' dir='ltr'><strong>primario</strong></span> <span class='ocrx_word' id='word_1_82' title='bbox 486 753 564 787; x_wconf 91' lang='lat' dir='ltr'><strong>loco</strong></span> <span class='ocrx_word' id='word_1_83' title='bbox 587 753 665 789; x_wconf 90' lang='lat' dir='ltr'><strong>eius</strong></span> <span class='ocrx_word' id='word_1_84' title='bbox 687 753 732 788; x_wconf 89' lang='lat' dir='ltr'><strong>cf.</strong></span> <span class='ocrx_word' id='word_1_85' title='bbox 756 764 817 798; x_wconf 86' lang='lat' dir='ltr'><strong>pg.</strong></span> <span class='ocrx_word' id='word_1_86' title='bbox 842 755 891 788; x_wconf 88' lang='grc'><strong>36</strong></span> <span class='ocrx_word' id='word_1_87' title='bbox 915 765 969 798; x_wconf 86' lang='lat' dir='ltr'><strong>sq.</strong></span> 
     </span>
    </p>
   </div>
   <div class='ocr_carea' id='block_1_3' title="bbox 345 815 1332 967">
    <p class='ocr_par' dir='ltr' id='par_1_4' title="bbox 345 815 1332 967">
     <span class='ocr_line' id='line_1_12' title="bbox 396 815 981 853; baseline 0.005 -5"><span class='ocrx_word' id='word_1_88' title='bbox 396 815 431 848; x_wconf 90' lang='lat' dir='ltr'>H</span> <span class='ocrx_word' id='word_1_89' title='bbox 454 815 529 850; x_wconf 89' lang='lat'><strong>998</strong></span> <span class='ocrx_word' id='word_1_90' title='bbox 554 826 602 845; x_wconf 89' lang='lat'><strong><em>=</em></strong></span> <span class='ocrx_word' id='word_1_91' title='bbox 631 815 663 850; x_wconf 94' lang='lat' dir='ltr'><strong>V</strong></span> <span class='ocrx_word' id='word_1_92' title='bbox 686 815 760 850; x_wconf 82' lang='lat'><strong>795</strong></span> <span class='ocrx_word' id='word_1_93' title='bbox 786 827 833 845; x_wconf 89' lang='lat'>=</span> <span class='ocrx_word' id='word_1_94' title='bbox 852 816 889 853; x_wconf 75' lang='lat' dir='ltr'><strong>‚V</strong></span> <span class='ocrx_word' id='word_1_95' title='bbox 908 817 981 851; x_wconf 88' lang='grc'><strong>821</strong></span> 
     </span>
     <span class='ocr_line' id='line_1_13' title="bbox 345 867 1332 912; baseline 0.002 -11"><span class='ocrx_word' id='word_1_96' title='bbox 345 869 566 911; x_wconf 88' lang='lat' dir='ltr'><strong>quapropter</strong></span> <span class='ocrx_word' id='word_1_97' title='bbox 587 867 715 902; x_wconf 90' lang='lat' dir='ltr'><strong>merito</strong></span> <span class='ocrx_word' id='word_1_98' title='bbox 736 869 936 903; x_wconf 87' lang='lat' dir='ltr'><strong>maternum</strong></span> <span class='ocrx_word' id='word_1_99' title='bbox 958 879 1086 902; x_wconf 90' lang='lat' dir='ltr'><strong>nomen</strong></span> <span class='ocrx_word' id='word_1_100' title='bbox 1109 868 1244 912; x_wconf 86' lang='lat' dir='ltr'><strong>adepta</strong></span> <span class='ocrx_word' id='word_1_101' title='bbox 1266 871 1332 904; x_wconf 88' lang='lat' dir='ltr'><strong>est.</strong></span> 
     </span>
     <span class='ocr_line' id='line_1_14' title="bbox 501 915 1106 967; baseline 0 -14"><span class='ocrx_word' id='word_1_102' title='bbox 501 915 586 964; x_wconf 82' lang='lat' dir='ltr'><strong>(Gn.</strong></span> <span class='ocrx_word' id='word_1_103' title='bbox 611 918 662 952; x_wconf 88' lang='lat'><strong>30</strong></span> <span class='ocrx_word' id='word_1_104' title='bbox 683 917 780 964; x_wconf 58' lang='lat' dir='ltr'><strong>adn„</strong></span> <span class='ocrx_word' id='word_1_105' title='bbox 804 918 871 953; x_wconf 90' lang='lat' dir='ltr'><strong>To.</strong></span> <span class='ocrx_word' id='word_1_106' title='bbox 896 919 970 953; x_wconf 88' lang='grc'><strong>546</strong></span> <span class='ocrx_word' id='word_1_107' title='bbox 994 917 1106 967; x_wconf 86' lang='grc'><strong>81111.).</strong></span> 
     </span>
    </p>
   </div>
   <div class='ocr_carea' id='block_1_4' title="bbox 255 978 1673 2224">
    <p class='ocr_par' dir='ltr' id='par_1_5' title="bbox 255 978 1673 2224">
     <span class='ocr_line' id='line_1_15' title="bbox 291 978 1669 1017; baseline 0.002 -4"><span class='ocrx_word' id='word_1_108' title='bbox 291 978 332 1013; x_wconf 89' lang='grc' dir='ltr'><strong>Ι11</strong></span> <span class='ocrx_word' id='word_1_109' title='bbox 356 979 379 1014; x_wconf 91' lang='lat' dir='ltr'><strong>l.</strong></span> <span class='ocrx_word' id='word_1_110' title='bbox 403 979 437 1014; x_wconf 92' lang='lat'><strong>11</strong></span> <span class='ocrx_word' id='word_1_111' title='bbox 468 978 545 1015; x_wconf 88' lang='lat' dir='ltr'><strong>fere</strong></span> <span class='ocrx_word' id='word_1_112' title='bbox 575 990 699 1016; x_wconf 88' lang='lat' dir='ltr'><strong>omnes</strong></span> <span class='ocrx_word' id='word_1_113' title='bbox 732 979 826 1016; x_wconf 90' lang='lat' dir='ltr'><strong>hunc</strong></span> <span class='ocrx_word' id='word_1_114' title='bbox 856 992 891 1016; x_wconf 92' lang='lat' dir='ltr'><strong>v.</strong></span> <span class='ocrx_word' id='word_1_115' title='bbox 919 980 1117 1017; x_wconf 88' lang='lat' dir='ltr'><strong>tollendum</strong></span> <span class='ocrx_word' id='word_1_116' title='bbox 1141 992 1220 1017; x_wconf 89' lang='lat' dir='ltr'><strong>esse</strong></span> <span class='ocrx_word' id='word_1_117' title='bbox 1241 980 1413 1017; x_wconf 87' lang='lat' dir='ltr'><strong>iudicant.</strong></span> <span class='ocrx_word' id='word_1_118' title='bbox 1467 980 1669 1017; x_wconf 82' lang='lat' dir='ltr'><strong>Ridiculum</strong></span> 
     </span>
     <span class='ocr_line' id='line_1_16' title="bbox 292 1031 1668 1079; baseline 0.001 -14"><span class='ocrx_word' id='word_1_119' title='bbox 292 1041 371 1065; x_wconf 91' lang='grc'><strong>6886</strong></span> <span class='ocrx_word' id='word_1_120' title='bbox 403 1031 454 1066; x_wconf 84' lang='grc'><strong>811</strong></span> <span class='ocrx_word' id='word_1_121' title='bbox 477 1031 546 1066; x_wconf 88' lang='lat' dir='ltr'><strong>Gn.</strong></span> <span class='ocrx_word' id='word_1_122' title='bbox 572 1031 693 1067; x_wconf 82' lang='lat' dir='ltr'><strong>dicere</strong></span> <span class='ocrx_word' id='word_1_123' title='bbox 721 1036 855 1067; x_wconf 85' lang='lat' dir='ltr'><strong>terram</strong></span> <span class='ocrx_word' id='word_1_124' title='bbox 884 1034 1009 1068; x_wconf 87' lang='lat' dir='ltr'><strong>matris</strong></span> <span class='ocrx_word' id='word_1_125' title='bbox 1031 1044 1159 1068; x_wconf 87' lang='lat' dir='ltr'><strong>nomen</strong></span> <span class='ocrx_word' id='word_1_126' title='bbox 1186 1033 1357 1068; x_wconf 89' lang='lat' dir='ltr'><strong>merito</strong></span> <span class='ocrx_word' id='word_1_127' title='bbox 1385 1033 1555 1077; x_wconf 81' lang='lat' dir='ltr'><strong>adeptam</strong></span> <span class='ocrx_word' id='word_1_128' title='bbox 1578 1042 1668 1079; x_wconf 85' lang='lat' dir='ltr'><strong>esse,</strong></span> 
     </span>
     <span class='ocr_line' id='line_1_17' title="bbox 292 1083 1670 1130; baseline 0.001 -13"><span class='ocrx_word' id='word_1_129' title='bbox 292 1092 371 1117; x_wconf 91' lang='lat' dir='ltr'><strong>cum</strong></span> <span class='ocrx_word' id='word_1_130' title='bbox 390 1083 518 1118; x_wconf 83' lang='lat' dir='ltr'><strong>aether</strong></span> <span class='ocrx_word' id='word_1_131' title='bbox 539 1083 647 1128; x_wconf 90' lang='lat' dir='ltr'><strong>paulo</strong></span> <span class='ocrx_word' id='word_1_132' title='bbox 669 1086 754 1120; x_wconf 91' lang='lat' dir='ltr'><strong>ante</strong></span> <span class='ocrx_word' id='word_1_133' title='bbox 777 1087 881 1129; x_wconf 89' lang='lat' dir='ltr'><strong>pater</strong></span> <span class='ocrx_word' id='word_1_134' title='bbox 902 1085 1115 1130; x_wconf 84' lang='lat' dir='ltr'><strong>appelletur.</strong></span> <span class='ocrx_word' id='word_1_135' title='bbox 1150 1084 1269 1130; x_wconf 89' lang='lat' dir='ltr'><strong>Atque</strong></span> <span class='ocrx_word' id='word_1_136' title='bbox 1291 1083 1358 1120; x_wconf 90' lang='lat' dir='ltr'><strong>hoc</strong></span> <span class='ocrx_word' id='word_1_137' title='bbox 1381 1094 1522 1129; x_wconf 88' lang='lat' dir='ltr'><strong>quoque</strong></span> <span class='ocrx_word' id='word_1_138' title='bbox 1544 1083 1670 1120; x_wconf 90' lang='lat' dir='ltr'><strong>mirum</strong></span> 
     </span>
     <span class='ocr_line' id='line_1_18' title="bbox 292 1135 1669 1183; baseline 0.001 -13"><span class='ocrx_word' id='word_1_139' title='bbox 292 1144 384 1183; x_wconf 87' lang='lat' dir='ltr'><strong>esse,</strong></span> <span class='ocrx_word' id='word_1_140' title='bbox 418 1135 503 1181; x_wconf 87' lang='lat' dir='ltr'><strong>quia</strong></span> <span class='ocrx_word' id='word_1_141' title='bbox 535 1146 606 1171; x_wconf 89' lang='lat' dir='ltr'><strong>non</strong></span> <span class='ocrx_word' id='word_1_142' title='bbox 637 1135 793 1172; x_wconf 82' lang='lat' dir='ltr'><strong>addatur</strong></span> <span class='ocrx_word' id='word_1_143' title='bbox 821 1147 892 1182; x_wconf 85' lang='lat' dir='ltr'><strong>qua</strong></span> <span class='ocrx_word' id='word_1_144' title='bbox 919 1148 959 1173; x_wconf 89' lang='lat' dir='ltr'><strong>re</strong></span> <span class='ocrx_word' id='word_1_145' title='bbox 983 1140 1121 1182; x_wconf 84' lang='lat' dir='ltr'><strong>patrem</strong></span> <span class='ocrx_word' id='word_1_146' title='bbox 1146 1148 1184 1173; x_wconf 86' lang='lat' dir='ltr'><strong>se</strong></span> <span class='ocrx_word' id='word_1_147' title='bbox 1207 1139 1378 1183; x_wconf 87' lang='lat' dir='ltr'><strong>praestet.</strong></span> <span class='ocrx_word' id='word_1_148' title='bbox 1402 1158 1452 1162; x_wconf 91' lang='lat'><strong>—</strong></span> <span class='ocrx_word' id='word_1_149' title='bbox 1474 1136 1531 1172; x_wconf 90' lang='lat' dir='ltr'><strong>Ad</strong></span> <span class='ocrx_word' id='word_1_150' title='bbox 1562 1147 1669 1181; x_wconf 88' lang='lat' dir='ltr'><strong>quae-</strong></span> 
     </span>
     <span class='ocr_line' id='line_1_19' title="bbox 292 1187 1670 1234; baseline 0.001 -13"><span class='ocrx_word' id='word_1_151' title='bbox 292 1187 442 1222; x_wconf 85' lang='lat' dir='ltr'><strong>stionem</strong></span> <span class='ocrx_word' id='word_1_152' title='bbox 493 1191 651 1223; x_wconf 89' lang='lat' dir='ltr'><strong>nostram</strong></span> <span class='ocrx_word' id='word_1_153' title='bbox 706 1189 822 1224; x_wconf 83' lang='lat' dir='ltr'><strong>minus</strong></span> <span class='ocrx_word' id='word_1_154' title='bbox 874 1189 1018 1233; x_wconf 86' lang='lat' dir='ltr'><strong>quidem</strong></span> <span class='ocrx_word' id='word_1_155' title='bbox 1061 1190 1218 1234; x_wconf 86' lang='lat' dir='ltr'><strong>pertinet</strong></span> <span class='ocrx_word' id='word_1_156' title='bbox 1262 1209 1312 1214; x_wconf 93' lang='lat'>—</span> <span class='ocrx_word' id='word_1_157' title='bbox 1360 1188 1528 1233; x_wconf 85' lang='lat' dir='ltr'><strong>quoniam</strong></span> <span class='ocrx_word' id='word_1_158' title='bbox 1571 1191 1670 1223; x_wconf 87' lang='lat' dir='ltr'><strong>ante-</strong></span> 
     </span>
     <span class='ocr_line' id='line_1_20' title="bbox 291 1239 1671 1288; baseline 0.001 -14"><span class='ocrx_word' id='word_1_159' title='bbox 291 1239 461 1275; x_wconf 80' lang='lat' dir='ltr'><strong>cedentes</strong></span> <span class='ocrx_word' id='word_1_160' title='bbox 493 1250 552 1275; x_wconf 86' lang='lat' dir='ltr'><strong>vv.</strong></span> <span class='ocrx_word' id='word_1_161' title='bbox 584 1239 667 1275; x_wconf 90' lang='lat' dir='ltr'><strong>ideo</strong></span> <span class='ocrx_word' id='word_1_162' title='bbox 705 1250 777 1275; x_wconf 90' lang='lat' dir='ltr'><strong>non</strong></span> <span class='ocrx_word' id='word_1_163' title='bbox 815 1241 974 1286; x_wconf 81' lang='lat' dir='ltr'><strong>suspecti</strong></span> <span class='ocrx_word' id='word_1_164' title='bbox 1008 1239 1188 1277; x_wconf 86' lang='lat' dir='ltr'><strong>habentur</strong></span> <span class='ocrx_word' id='word_1_165' title='bbox 1224 1261 1292 1288; x_wconf 86' lang='lat'><strong>—,</strong></span> <span class='ocrx_word' id='word_1_166' title='bbox 1324 1241 1389 1276; x_wconf 90' lang='lat' dir='ltr'><strong>sed</strong></span> <span class='ocrx_word' id='word_1_167' title='bbox 1421 1241 1532 1276; x_wconf 88' lang='lat' dir='ltr'><strong>verbo</strong></span> <span class='ocrx_word' id='word_1_168' title='bbox 1562 1240 1671 1276; x_wconf 88' lang='lat' dir='ltr'><strong>liceat</strong></span> 
     </span>
     <span class='ocr_line' id='line_1_21' title="bbox 289 1291 1672 1339; baseline 0.001 -13"><span class='ocrx_word' id='word_1_169' title='bbox 289 1302 436 1327; x_wconf 89' lang='lat' dir='ltr'><strong>monere</strong></span> <span class='ocrx_word' id='word_1_170' title='bbox 459 1303 493 1327; x_wconf 87' lang='lat' dir='ltr'><strong>v.</strong></span> <span class='ocrx_word' id='word_1_171' title='bbox 519 1292 593 1327; x_wconf 86' lang='lat'><strong>922</strong></span> <span class='ocrx_word' id='word_1_172' title='bbox 618 1291 689 1327; x_wconf 89' lang='lat' dir='ltr'><strong>dici</strong></span> <span class='ocrx_word' id='word_1_173' title='bbox 713 1293 858 1339; x_wconf 85' lang='lat' dir='ltr'><strong>„unde</strong></span> <span class='ocrx_word' id='word_1_174' title='bbox 881 1293 905 1328; x_wconf 92' lang='lat' dir='ltr'><strong>i.</strong></span> <span class='ocrx_word' id='word_1_175' title='bbox 929 1304 961 1329; x_wconf 89' lang='lat' dir='ltr'><strong>e.</strong></span> <span class='ocrx_word' id='word_1_176' title='bbox 986 1294 1031 1329; x_wconf 86' lang='lat' dir='ltr'><strong>ab</strong></span> <span class='ocrx_word' id='word_1_177' title='bbox 1053 1293 1200 1328; x_wconf 87' lang='lat' dir='ltr'><strong>aethere</strong></span> <span class='ocrx_word' id='word_1_178' title='bbox 1220 1304 1298 1328; x_wconf 90' lang='lat' dir='ltr'><strong>cum</strong></span> <span class='ocrx_word' id='word_1_179' title='bbox 1320 1293 1415 1328; x_wconf 87' lang='lat' dir='ltr'><strong>alma</strong></span> <span class='ocrx_word' id='word_1_180' title='bbox 1435 1295 1551 1328; x_wconf 85' lang='lat' dir='ltr'><strong>mater</strong></span> <span class='ocrx_word' id='word_1_181' title='bbox 1572 1295 1672 1328; x_wconf 85' lang='lat' dir='ltr'><strong>terra</strong></span> 
     </span>
     <span class='ocr_line' id='line_1_22' title="bbox 289 1343 1670 1389; baseline 0.001 -12"><span class='ocrx_word' id='word_1_182' title='bbox 289 1346 411 1388; x_wconf 87' lang='lat' dir='ltr'><strong>guttas</strong></span> <span class='ocrx_word' id='word_1_183' title='bbox 433 1344 631 1389; x_wconf 88' lang='lat' dir='ltr'><strong>recepit,</strong></span> <span class='ocrx_word' id='word_1_184' title='bbox 654 1343 729 1379; x_wconf 88' lang='lat' dir='ltr'><strong>feta</strong></span> <span class='ocrx_word' id='word_1_185' title='bbox 742 1344 840 1389; x_wconf 86' lang='lat' dir='ltr'><strong>parit</strong></span> <span class='ocrx_word' id='word_1_186' title='bbox 853 1344 976 1389; x_wconf 89' lang='lat' dir='ltr'><strong>fruges</strong></span> <span class='ocrx_word' id='word_1_187' title='bbox 1000 1373 1007 1380; x_wconf 93' lang='lat'><strong>.</strong></span> <span class='ocrx_word' id='word_1_188' title='bbox 1032 1371 1040 1379; x_wconf 93' lang='lat'><strong>.</strong></span> <span class='ocrx_word' id='word_1_189' title='bbox 1066 1344 1101 1379; x_wconf 83' lang='lat'><strong>.“</strong></span> <span class='ocrx_word' id='word_1_190' title='bbox 1125 1344 1195 1388; x_wconf 80' lang='lat' dir='ltr'><strong>Qui</strong></span> <span class='ocrx_word' id='word_1_191' title='bbox 1216 1347 1313 1380; x_wconf 86' lang='lat' dir='ltr'><strong>terra</strong></span> <span class='ocrx_word' id='word_1_192' title='bbox 1334 1347 1484 1379; x_wconf 87' lang='lat' dir='ltr'><strong>matrem</strong></span> <span class='ocrx_word' id='word_1_193' title='bbox 1506 1354 1545 1379; x_wconf 88' lang='lat' dir='ltr'><strong>se</strong></span> <span class='ocrx_word' id='word_1_194' title='bbox 1565 1354 1670 1388; x_wconf 86' lang='lat' dir='ltr'><strong>prae-</strong></span> 
     </span>
     <span class='ocr_line' id='line_1_23' title="bbox 289 1394 1671 1444; baseline 0.001 -14"><span class='ocrx_word' id='word_1_195' title='bbox 289 1394 375 1430; x_wconf 87' lang='lat' dir='ltr'><strong>beat</strong></span> <span class='ocrx_word' id='word_1_196' title='bbox 404 1395 599 1440; x_wconf 82' lang='lat' dir='ltr'><strong>copicsius·</strong></span> <span class='ocrx_word' id='word_1_197' title='bbox 615 1395 836 1444; x_wconf 85' lang='lat' dir='ltr'><strong>illustratur3</strong></span> <span class='ocrx_word' id='word_1_198' title='bbox 866 1399 906 1432; x_wconf 91' lang='lat' dir='ltr'><strong>ut</strong></span> <span class='ocrx_word' id='word_1_199' title='bbox 938 1407 980 1432; x_wconf 89' lang='grc' dir='ltr'><strong>6ο</strong></span> <span class='ocrx_word' id='word_1_200' title='bbox 1011 1396 1128 1432; x_wconf 85' lang='lat' dir='ltr'><strong>minus</strong></span> <span class='ocrx_word' id='word_1_201' title='bbox 1150 1396 1314 1432; x_wconf 86' lang='lat' dir='ltr'><strong>mirabile</strong></span> <span class='ocrx_word' id='word_1_202' title='bbox 1337 1395 1384 1432; x_wconf 86' lang='lat' dir='ltr'><strong>sit</strong></span> <span class='ocrx_word' id='word_1_203' title='bbox 1406 1406 1484 1431; x_wconf 86' lang='lat' dir='ltr'><strong>eam</strong></span> <span class='ocrx_word' id='word_1_204' title='bbox 1508 1396 1671 1432; x_wconf 91' lang='lat' dir='ltr'><strong>merito</strong></span> 
     </span>
     <span class='ocr_line' id='line_1_24' title="bbox 288 1447 1670 1493; baseline 0 -11"><span class='ocrx_word' id='word_1_205' title='bbox 288 1447 413 1482; x_wconf 88' lang='lat' dir='ltr'><strong>matris</strong></span> <span class='ocrx_word' id='word_1_206' title='bbox 436 1458 564 1482; x_wconf 89' lang='lat' dir='ltr'><strong>nomen</strong></span> <span class='ocrx_word' id='word_1_207' title='bbox 578 1447 749 1492; x_wconf 85' lang='lat' dir='ltr'><strong>adeptam</strong></span> <span class='ocrx_word' id='word_1_208' title='bbox 772 1459 864 1484; x_wconf 86' lang='lat' dir='ltr'><strong>esse.</strong></span> <span class='ocrx_word' id='word_1_209' title='bbox 921 1448 989 1484; x_wconf 83' lang='lat' dir='ltr'><strong>Gn.</strong></span> <span class='ocrx_word' id='word_1_210' title='bbox 1014 1448 1157 1493; x_wconf 90' lang='lat' dir='ltr'><strong>quidem</strong></span> <span class='ocrx_word' id='word_1_211' title='bbox 1181 1448 1365 1484; x_wconf 90' lang='lat' dir='ltr'><strong>contendit</strong></span> <span class='ocrx_word' id='word_1_212' title='bbox 1390 1447 1429 1482; x_wconf 92' lang='lat' dir='ltr'><strong>id</strong></span> <span class='ocrx_word' id='word_1_213' title='bbox 1450 1451 1588 1483; x_wconf 88' lang='lat' dir='ltr'><strong>tantum</strong></span> <span class='ocrx_word' id='word_1_214' title='bbox 1611 1458 1670 1482; x_wconf 80' lang='lat' dir='ltr'><strong>ex-</strong></span> 
     </span>
     <span class='ocr_line' id='line_1_25' title="bbox 288 1499 1672 1546; baseline 0.001 -13"><span class='ocrx_word' id='word_1_215' title='bbox 288 1499 375 1543; x_wconf 89' lang='lat' dir='ltr'><strong>poni</strong></span> <span class='ocrx_word' id='word_1_216' title='bbox 399 1501 533 1534; x_wconf 88' lang='lat' dir='ltr'><strong>terram</strong></span> <span class='ocrx_word' id='word_1_217' title='bbox 561 1509 759 1544; x_wconf 79' lang='lat' dir='ltr'><strong>pascere</strong></span> <span class='ocrx_word' id='word_1_218' title='bbox 789 1500 972 1546; x_wconf 86' lang='lat' dir='ltr'><strong>homines,</strong></span> <span class='ocrx_word' id='word_1_219' title='bbox 1004 1500 1125 1545; x_wconf 82' lang='lat' dir='ltr'><strong>itaque</strong></span> <span class='ocrx_word' id='word_1_220' title='bbox 1154 1500 1253 1535; x_wconf 92' lang='lat' dir='ltr'><strong>illum</strong></span> <span class='ocrx_word' id='word_1_221' title='bbox 1276 1511 1310 1535; x_wconf 86' lang='lat' dir='ltr'><strong>v.</strong></span> <span class='ocrx_word' id='word_1_222' title='bbox 1333 1499 1369 1534; x_wconf 91' lang='lat' dir='ltr'><strong>h.</strong></span> <span class='ocrx_word' id='word_1_223' title='bbox 1393 1500 1418 1535; x_wconf 91' lang='lat' dir='ltr'><strong>l.</strong></span> <span class='ocrx_word' id='word_1_224' title='bbox 1448 1500 1564 1535; x_wconf 91' lang='lat' dir='ltr'><strong>minus</strong></span> <span class='ocrx_word' id='word_1_225' title='bbox 1592 1509 1672 1535; x_wconf 88' lang='lat' dir='ltr'><strong>esse</strong></span> 
     </span>
     <span class='ocr_line' id='line_1_26' title="bbox 291 1551 1669 1599; baseline 0 -12"><span class='ocrx_word' id='word_1_226' title='bbox 291 1554 414 1596; x_wconf 79' lang='lat' dir='ltr'><strong>aptum</strong></span> <span class='ocrx_word' id='word_1_227' title='bbox 437 1562 545 1597; x_wconf 84' lang='lat' dir='ltr'><strong>quam</strong></span> <span class='ocrx_word' id='word_1_228' title='bbox 567 1551 599 1587; x_wconf 93' lang='lat' dir='ltr'>V</span> <span class='ocrx_word' id='word_1_229' title='bbox 615 1552 807 1599; x_wconf 86' lang='lat'><strong>821—23‚</strong></span> <span class='ocrx_word' id='word_1_230' title='bbox 823 1552 886 1588; x_wconf 92' lang='lat' dir='ltr'><strong>ubi</strong></span> <span class='ocrx_word' id='word_1_231' title='bbox 905 1555 1039 1588; x_wconf 87' lang='lat' dir='ltr'><strong>terram</strong></span> <span class='ocrx_word' id='word_1_232' title='bbox 1054 1552 1263 1597; x_wconf 82' lang='lat' dir='ltr'><strong>genuisse</strong></span> <span class='ocrx_word' id='word_1_233' title='bbox 1277 1551 1439 1587; x_wconf 89' lang='lat' dir='ltr'><strong>homines</strong></span> <span class='ocrx_word' id='word_1_234' title='bbox 1456 1552 1669 1597; x_wconf 82' lang='lat' dir='ltr'><strong>explicetur.</strong></span> 
     </span>
     <span class='ocr_line' id='line_1_27' title="bbox 293 1603 1669 1648; baseline 0 -10"><span class='ocrx_word' id='word_1_235' title='bbox 293 1625 343 1629; x_wconf 96' lang='lat'>—</span> <span class='ocrx_word' id='word_1_236' title='bbox 373 1603 422 1638; x_wconf 90' lang='lat' dir='ltr'><strong>At</strong></span> <span class='ocrx_word' id='word_1_237' title='bbox 452 1603 541 1638; x_wconf 89' lang='lat' dir='ltr'><strong>dicit</strong></span> <span class='ocrx_word' id='word_1_238' title='bbox 570 1604 677 1638; x_wconf 87' lang='lat' dir='ltr'><strong>Lucr.</strong></span> <span class='ocrx_word' id='word_1_239' title='bbox 703 1604 790 1639; x_wconf 88' lang='grc'>994.</span> <span class='ocrx_word' id='word_1_240' title='bbox 816 1604 837 1638; x_wconf 90' lang='grc'>5</span> <span class='ocrx_word' id='word_1_241' title='bbox 866 1607 966 1639; x_wconf 86' lang='lat' dir='ltr'><strong>terra</strong></span> <span class='ocrx_word' id='word_1_242' title='bbox 986 1604 1116 1648; x_wconf 86' lang='lat' dir='ltr'><strong>parit</strong></span> <span class='ocrx_word' id='word_1_243' title='bbox 1137 1603 1261 1648; x_wconf 86' lang='lat' dir='ltr'><strong>fruges</strong></span> <span class='ocrx_word' id='word_1_244' title='bbox 1293 1630 1302 1638; x_wconf 93' lang='lat'><strong>.</strong></span> <span class='ocrx_word' id='word_1_245' title='bbox 1327 1630 1336 1638; x_wconf 91' lang='lat'><strong>.</strong></span> <span class='ocrx_word' id='word_1_246' title='bbox 1362 1630 1370 1638; x_wconf 92' lang='lat'><strong>.</strong></span> <span class='ocrx_word' id='word_1_247' title='bbox 1403 1606 1438 1638; x_wconf 92' lang='lat' dir='ltr'><strong>et</strong></span> <span class='ocrx_word' id='word_1_248' title='bbox 1465 1613 1580 1648; x_wconf 84' lang='lat' dir='ltr'><strong>genus</strong></span> <span class='ocrx_word' id='word_1_249' title='bbox 1605 1603 1669 1638; x_wconf 94' lang='lat' dir='ltr'><strong>hu—</strong></span> 
     </span>
     <span class='ocr_line' id='line_1_28' title="bbox 293 1654 1670 1702; baseline 0 -12"><span class='ocrx_word' id='word_1_250' title='bbox 293 1665 448 1702; x_wconf 84' lang='lat' dir='ltr'><strong>manum,</strong></span> <span class='ocrx_word' id='word_1_251' title='bbox 471 1654 601 1700; x_wconf 87' lang='lat' dir='ltr'><strong>parit</strong></span> <span class='ocrx_word' id='word_1_252' title='bbox 628 1655 746 1690; x_wconf 88' lang='lat' dir='ltr'><strong>omnia</strong></span> <span class='ocrx_word' id='word_1_253' title='bbox 769 1656 889 1691; x_wconf 88' lang='lat' dir='ltr'><strong>saecla</strong></span> <span class='ocrx_word' id='word_1_254' title='bbox 910 1655 1078 1691; x_wconf 86' lang='lat' dir='ltr'><strong>ferarum.</strong></span> <span class='ocrx_word' id='word_1_255' title='bbox 1133 1656 1176 1690; x_wconf 89' lang='lat' dir='ltr'><strong>Id</strong></span> <span class='ocrx_word' id='word_1_256' title='bbox 1198 1655 1341 1700; x_wconf 88' lang='lat' dir='ltr'><strong>quidem</strong></span> <span class='ocrx_word' id='word_1_257' title='bbox 1365 1666 1445 1690; x_wconf 90' lang='lat' dir='ltr'><strong>cum</strong></span> <span class='ocrx_word' id='word_1_258' title='bbox 1469 1654 1595 1690; x_wconf 89' lang='lat' dir='ltr'><strong>mirum</strong></span> <span class='ocrx_word' id='word_1_259' title='bbox 1620 1655 1670 1690; x_wconf 89' lang='lat' dir='ltr'><strong>vi-</strong></span> 
     </span>
     <span class='ocr_line' id='line_1_29' title="bbox 295 1706 1670 1755; baseline 0.001 -13"><span class='ocrx_word' id='word_1_260' title='bbox 295 1707 442 1752; x_wconf 81' lang='lat' dir='ltr'><strong>deatur:</strong></span> <span class='ocrx_word' id='word_1_261' title='bbox 468 1710 591 1754; x_wconf 85' lang='lat' dir='ltr'><strong>„terra</strong></span> <span class='ocrx_word' id='word_1_262' title='bbox 612 1708 709 1753; x_wconf 89' lang='lat' dir='ltr'><strong>parit</strong></span> <span class='ocrx_word' id='word_1_263' title='bbox 729 1708 903 1755; x_wconf 89' lang='lat' dir='ltr'><strong>homines,</strong></span> <span class='ocrx_word' id='word_1_264' title='bbox 928 1719 1023 1743; x_wconf 90' lang='lat' dir='ltr'><strong>cum</strong></span> <span class='ocrx_word' id='word_1_265' title='bbox 1045 1708 1069 1743; x_wconf 90' lang='lat' dir='ltr'><strong>i.</strong></span> <span class='ocrx_word' id='word_1_266' title='bbox 1092 1718 1124 1743; x_wconf 91' lang='lat' dir='ltr'><strong>e.</strong></span> <span class='ocrx_word' id='word_1_267' title='bbox 1148 1719 1191 1744; x_wconf 95' lang='lat' dir='ltr'><strong>eo</strong></span> <span class='ocrx_word' id='word_1_268' title='bbox 1213 1707 1309 1752; x_wconf 90' lang='lat' dir='ltr'><strong>quod</strong></span> <span class='ocrx_word' id='word_1_269' title='bbox 1329 1708 1463 1752; x_wconf 86' lang='lat' dir='ltr'><strong>pabula</strong></span> <span class='ocrx_word' id='word_1_270' title='bbox 1484 1706 1670 1754; x_wconf 88' lang='lat' dir='ltr'><strong>praebet“‚</strong></span> 
     </span>
     <span class='ocr_line' id='line_1_30' title="bbox 293 1755 1672 1808; baseline -0.001 -14"><span class='ocrx_word' id='word_1_271' title='bbox 293 1760 439 1794; x_wconf 90' lang='lat' dir='ltr'><strong>minime</strong></span> <span class='ocrx_word' id='word_1_272' title='bbox 463 1760 725 1795; x_wconf 88' lang='lat' dir='ltr'><strong>contemnenda</strong></span> <span class='ocrx_word' id='word_1_273' title='bbox 747 1763 801 1796; x_wconf 89' lang='lat' dir='ltr'><strong>est</strong></span> <span class='ocrx_word' id='word_1_274' title='bbox 822 1760 1026 1795; x_wconf 83' lang='lat' dir='ltr'><strong>emendatio</strong></span> <span class='ocrx_word' id='word_1_275' title='bbox 1048 1759 1368 1795; x_wconf 87' lang='lat' dir='ltr'><strong>Hoerschelmanni</strong></span> <span class='ocrx_word' id='word_1_276' title='bbox 1396 1755 1607 1808; x_wconf 87' lang='lat' dir='ltr'><strong>(observatt.</strong></span> <span class='ocrx_word' id='word_1_277' title='bbox 1635 1759 1672 1793; x_wconf 93' lang='lat' dir='ltr'><strong>in</strong></span> 
     </span>
     <span class='ocr_line' id='line_1_31' title="bbox 293 1808 1672 1861; baseline -0.001 -14"><span class='ocrx_word' id='word_1_278' title='bbox 293 1811 400 1847; x_wconf 89' lang='lat' dir='ltr'><strong>Lucr.</strong></span> <span class='ocrx_word' id='word_1_279' title='bbox 423 1813 447 1847; x_wconf 93' lang='lat'><strong>1.</strong></span> <span class='ocrx_word' id='word_1_280' title='bbox 472 1812 527 1859; x_wconf 87' lang='grc' dir='ltr'><strong>ΙΙ,</strong></span> <span class='ocrx_word' id='word_1_281' title='bbox 562 1814 633 1847; x_wconf 88' lang='lat' dir='ltr'><strong>act.</strong></span> <span class='ocrx_word' id='word_1_282' title='bbox 664 1822 736 1847; x_wconf 88' lang='lat' dir='ltr'><strong>soc.</strong></span> <span class='ocrx_word' id='word_1_283' title='bbox 767 1811 856 1858; x_wconf 88' lang='lat' dir='ltr'><strong>phil.</strong></span> <span class='ocrx_word' id='word_1_284' title='bbox 889 1812 988 1857; x_wconf 91' lang='lat' dir='ltr'><strong>Lips.</strong></span> <span class='ocrx_word' id='word_1_285' title='bbox 1017 1812 1049 1848; x_wconf 92' lang='lat' dir='ltr'>V</span> <span class='ocrx_word' id='word_1_286' title='bbox 1071 1808 1137 1861; x_wconf 87' lang='lat'><strong>41)</strong></span> <span class='ocrx_word' id='word_1_287' title='bbox 1172 1822 1238 1857; x_wconf 91' lang='lat' dir='ltr'><strong>pro</strong></span> <span class='ocrx_word' id='word_1_288' title='bbox 1274 1810 1405 1858; x_wconf 85' lang='lat' dir='ltr'><strong>„cum“</strong></span> <span class='ocrx_word' id='word_1_289' title='bbox 1439 1811 1672 1856; x_wconf 84' lang='lat' dir='ltr'><strong>proponentis</strong></span> 
     </span>
     <span class='ocr_line' id='line_1_32' title="bbox 294 1862 1673 1911; baseline -0.001 -12"><span class='ocrx_word' id='word_1_290' title='bbox 294 1862 441 1911; x_wconf 83' lang='lat' dir='ltr'><strong>„tum“;</strong></span> <span class='ocrx_word' id='word_1_291' title='bbox 465 1875 681 1909; x_wconf 87' lang='lat' dir='ltr'><strong>quamquam</strong></span> <span class='ocrx_word' id='word_1_292' title='bbox 700 1864 820 1899; x_wconf 88' lang='lat' dir='ltr'><strong>nescio</strong></span> <span class='ocrx_word' id='word_1_293' title='bbox 843 1876 890 1899; x_wconf 88' lang='lat' dir='ltr'><strong>an</strong></span> <span class='ocrx_word' id='word_1_294' title='bbox 912 1875 984 1899; x_wconf 91' lang='lat' dir='ltr'><strong>non</strong></span> <span class='ocrx_word' id='word_1_295' title='bbox 1004 1864 1209 1899; x_wconf 86' lang='lat' dir='ltr'><strong>necessaria</strong></span> <span class='ocrx_word' id='word_1_296' title='bbox 1229 1864 1287 1899; x_wconf 88' lang='lat' dir='ltr'><strong>sit.</strong></span> <span class='ocrx_word' id='word_1_297' title='bbox 1309 1863 1403 1898; x_wconf 85' lang='lat' dir='ltr'><strong>Nam</strong></span> <span class='ocrx_word' id='word_1_298' title='bbox 1426 1863 1457 1899; x_wconf 87' lang='lat' dir='ltr'><strong>si</strong></span> <span class='ocrx_word' id='word_1_299' title='bbox 1476 1864 1673 1908; x_wconf 85' lang='lat' dir='ltr'><strong>iunguntur</strong></span> 
     </span>
     <span class='ocr_line' id='line_1_33' title="bbox 293 1915 1671 1963; baseline 0 -13"><span class='ocrx_word' id='word_1_300' title='bbox 293 1916 426 1951; x_wconf 85' lang='lat' dir='ltr'><strong>verba:</strong></span> <span class='ocrx_word' id='word_1_301' title='bbox 450 1916 546 1960; x_wconf 87' lang='lat' dir='ltr'><strong>parit</strong></span> <span class='ocrx_word' id='word_1_302' title='bbox 567 1919 667 1951; x_wconf 87' lang='lat' dir='ltr'><strong>terra</strong></span> <span class='ocrx_word' id='word_1_303' title='bbox 688 1915 796 1963; x_wconf 85' lang='lat' dir='ltr'><strong>feras,</strong></span> <span class='ocrx_word' id='word_1_304' title='bbox 821 1926 901 1951; x_wconf 87' lang='lat' dir='ltr'><strong>cum</strong></span> <span class='ocrx_word' id='word_1_305' title='bbox 921 1916 1056 1961; x_wconf 86' lang='lat' dir='ltr'><strong>pabula</strong></span> <span class='ocrx_word' id='word_1_306' title='bbox 1077 1916 1249 1963; x_wconf 81' lang='lat' dir='ltr'><strong>praebet,</strong></span> <span class='ocrx_word' id='word_1_307' title='bbox 1281 1915 1410 1960; x_wconf 86' lang='lat' dir='ltr'><strong>quibus</strong></span> <span class='ocrx_word' id='word_1_308' title='bbox 1445 1941 1453 1950; x_wconf 91' lang='lat'><strong>.</strong></span> <span class='ocrx_word' id='word_1_309' title='bbox 1489 1941 1496 1950; x_wconf 91' lang='lat'><strong>.</strong></span> <span class='ocrx_word' id='word_1_310' title='bbox 1531 1941 1539 1950; x_wconf 94' lang='lat'><strong>.</strong></span> <span class='ocrx_word' id='word_1_311' title='bbox 1567 1926 1671 1959; x_wconf 91' lang='lat' dir='ltr'><strong>pro-</strong></span> 
     </span>
     <span class='ocr_line' id='line_1_34' title="bbox 255 1966 1672 2015; baseline 0 -13"><span class='ocrx_word' id='word_1_312' title='bbox 255 1970 260 1974; x_wconf 88' lang='grc'><strong>”</strong></span> <span class='ocrx_word' id='word_1_313' title='bbox 293 1969 377 2003; x_wconf 90' lang='lat' dir='ltr'><strong>lem</strong></span> <span class='ocrx_word' id='word_1_314' title='bbox 414 1970 705 2015; x_wconf 84' lang='lat' dir='ltr'><strong>propagant,</strong></span> <span class='ocrx_word' id='word_1_315' title='bbox 738 1970 904 2013; x_wconf 88' lang='lat' dir='ltr'><strong>apertum</strong></span> <span class='ocrx_word' id='word_1_316' title='bbox 925 1967 965 2003; x_wconf 90' lang='lat' dir='ltr'><strong>fit</strong></span> <span class='ocrx_word' id='word_1_317' title='bbox 987 1968 1047 2013; x_wconf 91' lang='lat' dir='ltr'><strong>qui</strong></span> <span class='ocrx_word' id='word_1_318' title='bbox 1069 1967 1210 2013; x_wconf 80' lang='lat' dir='ltr'><strong>pabulis</strong></span> <span class='ocrx_word' id='word_1_319' title='bbox 1231 1966 1405 2013; x_wconf 83' lang='lat' dir='ltr'><strong>praebitis</strong></span> <span class='ocrx_word' id='word_1_320' title='bbox 1428 1966 1535 2002; x_wconf 88' lang='lat' dir='ltr'><strong>etiam</strong></span> <span class='ocrx_word' id='word_1_321' title='bbox 1556 1978 1672 2003; x_wconf 87' lang='lat' dir='ltr'><strong>novae</strong></span> 
     </span>
     <span class='ocr_line' id='line_1_35' title="bbox 292 2017 1673 2068; baseline -0.001 -14"><span class='ocrx_word' id='word_1_322' title='bbox 292 2019 396 2055; x_wconf 75' lang='lat' dir='ltr'><strong>feraev</strong></span> <span class='ocrx_word' id='word_1_323' title='bbox 421 2023 587 2056; x_wconf 89' lang='lat' dir='ltr'><strong>creentur</strong></span> <span class='ocrx_word' id='word_1_324' title='bbox 618 2017 679 2068; x_wconf 87' lang='lat' dir='ltr'><strong>(cf.</strong></span> <span class='ocrx_word' id='word_1_325' title='bbox 701 2020 737 2054; x_wconf 89' lang='lat' dir='ltr'>H</span> <span class='ocrx_word' id='word_1_326' title='bbox 759 2020 834 2055; x_wconf 87' lang='grc'><strong>595</strong></span> <span class='ocrx_word' id='word_1_327' title='bbox 858 2031 938 2065; x_wconf 89' lang='lat' dir='ltr'><strong>sqq.</strong></span> <span class='ocrx_word' id='word_1_328' title='bbox 970 2020 1078 2055; x_wconf 89' lang='lat' dir='ltr'><strong>tellus</strong></span> <span class='ocrx_word' id='word_1_329' title='bbox 1109 2018 1271 2064; x_wconf 85' lang='lat' dir='ltr'><strong>fruges</strong></span> <span class='ocrx_word' id='word_1_330' title='bbox 1299 2018 1501 2054; x_wconf 90' lang='lat' dir='ltr'><strong>hominibus</strong></span> <span class='ocrx_word' id='word_1_331' title='bbox 1532 2019 1673 2054; x_wconf 87' lang='lat' dir='ltr'><strong>extollit</strong></span> 
     </span>
     <span class='ocr_line' id='line_1_36' title="bbox 293 2070 1671 2117; baseline -0.001 -10"><span class='ocrx_word' id='word_1_332' title='bbox 293 2075 329 2107; x_wconf 93' lang='grc'><strong>61</strong></span> <span class='ocrx_word' id='word_1_333' title='bbox 352 2072 525 2116; x_wconf 84' lang='lat' dir='ltr'><strong>pabula</strong></span> <span class='ocrx_word' id='word_1_334' title='bbox 559 2072 711 2117; x_wconf 85' lang='lat' dir='ltr'><strong>praebet</strong></span> <span class='ocrx_word' id='word_1_335' title='bbox 746 2070 852 2107; x_wconf 80' lang='lat' dir='ltr'><strong>feris&#39;:</strong></span> <span class='ocrx_word' id='word_1_336' title='bbox 890 2082 1003 2116; x_wconf 86' lang='lat' dir='ltr'><strong>quare</strong></span> <span class='ocrx_word' id='word_1_337' title='bbox 1037 2082 1171 2116; x_wconf 87' lang='lat' dir='ltr'><strong>magna</strong></span> <span class='ocrx_word' id='word_1_338' title='bbox 1206 2070 1311 2106; x_wconf 91' lang='lat' dir='ltr'><strong>deum</strong></span> <span class='ocrx_word' id='word_1_339' title='bbox 1341 2074 1455 2106; x_wconf 84' lang='lat' dir='ltr'><strong>mater</strong></span> <span class='ocrx_word' id='word_1_340' title='bbox 1483 2073 1671 2116; x_wconf 83' lang='lat' dir='ltr'><strong>materque</strong></span> 
     </span>
     <span class='ocr_line' id='line_1_37' title="bbox 293 2119 1671 2173; baseline 0.001 -15"><span class='ocrx_word' id='word_1_341' title='bbox 293 2123 449 2160; x_wconf 85' lang='lat' dir='ltr'><strong>ferarum</strong></span> <span class='ocrx_word' id='word_1_342' title='bbox 482 2126 518 2160; x_wconf 90' lang='lat' dir='ltr'><strong>et</strong></span> <span class='ocrx_word' id='word_1_343' title='bbox 549 2124 663 2159; x_wconf 85' lang='lat' dir='ltr'><strong>nostri</strong></span> <span class='ocrx_word' id='word_1_344' title='bbox 694 2123 859 2169; x_wconf 85' lang='lat' dir='ltr'><strong>genetrix</strong></span> <span class='ocrx_word' id='word_1_345' title='bbox 889 2123 980 2160; x_wconf 88' lang='lat' dir='ltr'><strong>haec</strong></span> <span class='ocrx_word' id='word_1_346' title='bbox 1012 2124 1110 2159; x_wconf 89' lang='lat' dir='ltr'><strong>dicta</strong></span> <span class='ocrx_word' id='word_1_347' title='bbox 1138 2126 1195 2159; x_wconf 90' lang='lat' dir='ltr'><strong>est</strong></span> <span class='ocrx_word' id='word_1_348' title='bbox 1224 2123 1384 2169; x_wconf 85' lang='lat' dir='ltr'><strong>corporis</strong></span> <span class='ocrx_word' id='word_1_349' title='bbox 1411 2119 1509 2173; x_wconf 88' lang='lat' dir='ltr'><strong>una).</strong></span> <span class='ocrx_word' id='word_1_350' title='bbox 1565 2122 1671 2159; x_wconf 82' lang='lat' dir='ltr'><strong>Certe</strong></span> 
     </span>
     <span class='ocr_line' id='line_1_38' title="bbox 292 2176 1671 2224; baseline -0.001 -12"><span class='ocrx_word' id='word_1_351' title='bbox 292 2176 355 2213; x_wconf 87' lang='lat' dir='ltr'><strong>illa</strong></span> <span class='ocrx_word' id='word_1_352' title='bbox 377 2177 555 2223; x_wconf 87' lang='lat' dir='ltr'><strong>scriptura</strong></span> <span class='ocrx_word' id='word_1_353' title='bbox 578 2188 687 2213; x_wconf 88' lang='lat' dir='ltr'><strong>causa</strong></span> <span class='ocrx_word' id='word_1_354' title='bbox 708 2187 780 2212; x_wconf 90' lang='lat' dir='ltr'><strong>non</strong></span> <span class='ocrx_word' id='word_1_355' title='bbox 817 2180 872 2213; x_wconf 90' lang='lat' dir='ltr'><strong>est</strong></span> <span class='ocrx_word' id='word_1_356' title='bbox 904 2177 1000 2222; x_wconf 89' lang='lat' dir='ltr'><strong>quod</strong></span> <span class='ocrx_word' id='word_1_357' title='bbox 1022 2188 1076 2224; x_wconf 71' lang='grc' dir='ltr'><strong>ν..</strong></span> <span class='ocrx_word' id='word_1_358' title='bbox 1114 2187 1218 2222; x_wconf 85' lang='grc'><strong>11116111</strong></span> <span class='ocrx_word' id='word_1_359' title='bbox 1240 2178 1452 2223; x_wconf 85' lang='lat' dir='ltr'><strong>tractamus,</strong></span> <span class='ocrx_word' id='word_1_360' title='bbox 1489 2179 1671 2221; x_wconf 87' lang='lat' dir='ltr'><strong>tamquam</strong></span> 
     </span>
    </p>
   </div>
   <div class='ocr_carea' id='block_1_5' title="bbox 292 2276 542 2279">
    <p class='ocr_par' dir='ltr' id='par_1_6' title="bbox 292 2276 542 2279">
     <span class='ocr_line' id='line_1_39' title="bbox 292 2276 542 2279; baseline 0 0"><span class='ocrx_word' id='word_1_361' title='bbox 292 2276 542 2279; x_wconf 95' lang='lat' dir='ltr'><strong> </strong></span> 
     </span>
    </p>
   </div>
   <div class='ocr_carea' id='block_1_6' title="bbox 290 2326 1671 2614">
    <p class='ocr_par' dir='ltr' id='par_1_7' title="bbox 290 2326 1671 2614">
     <span class='ocr_line' id='line_1_40' title="bbox 291 2326 1671 2368; baseline -0.002 -6"><span class='ocrx_word' id='word_1_362' title='bbox 291 2340 389 2362; x_wconf 81' lang='lat' dir='ltr'><strong>unam</strong></span> <span class='ocrx_word' id='word_1_363' title='bbox 419 2339 493 2362; x_wconf 86' lang='lat' dir='ltr'><strong>cum</strong></span> <span class='ocrx_word' id='word_1_364' title='bbox 524 2329 698 2362; x_wconf 83' lang='grc'><strong>1866168“.</strong></span> <span class='ocrx_word' id='word_1_365' title='bbox 744 2329 841 2361; x_wconf 89' lang='lat' dir='ltr'><strong>Certe</strong></span> <span class='ocrx_word' id='word_1_366' title='bbox 869 2327 1036 2361; x_wconf 85' lang='lat' dir='ltr'><strong>nonlicet</strong></span> <span class='ocrx_word' id='word_1_367' title='bbox 1056 2326 1133 2360; x_wconf 89' lang='grc'><strong>111116</strong></span> <span class='ocrx_word' id='word_1_368' title='bbox 1156 2327 1309 2368; x_wconf 79' lang='lat' dir='ltr'><strong>colligere</strong></span> <span class='ocrx_word' id='word_1_369' title='bbox 1340 2328 1430 2366; x_wconf 82' lang='lat' dir='ltr'><strong>„dass</strong></span> <span class='ocrx_word' id='word_1_370' title='bbox 1462 2328 1557 2361; x_wconf 88' lang='lat' dir='ltr'><strong>Lucr.</strong></span> <span class='ocrx_word' id='word_1_371' title='bbox 1592 2328 1671 2359; x_wconf 90' lang='lat' dir='ltr'><strong>und</strong></span> 
     </span>
     <span class='ocr_line' id='line_1_41' title="bbox 291 2369 1670 2417; baseline -0.001 -14"><span class='ocrx_word' id='word_1_372' title='bbox 291 2371 508 2403; x_wconf 87' lang='lat' dir='ltr'><strong>Memmius</strong></span> <span class='ocrx_word' id='word_1_373' title='bbox 541 2371 627 2403; x_wconf 68' lang='lat' dir='ltr'><strong>efter</strong></span> <span class='ocrx_word' id='word_1_374' title='bbox 658 2380 845 2402; x_wconf 86' lang='lat' dir='ltr'><strong>zusammen</strong></span> <span class='ocrx_word' id='word_1_375' title='bbox 878 2369 937 2402; x_wconf 85' lang='lat' dir='ltr'><strong>auf</strong></span> <span class='ocrx_word' id='word_1_376' title='bbox 962 2369 1061 2410; x_wconf 84' lang='lat' dir='ltr'><strong>Jagd-</strong></span> <span class='ocrx_word' id='word_1_377' title='bbox 1094 2369 1162 2401; x_wconf 85' lang='lat' dir='ltr'><strong>und</strong></span> <span class='ocrx_word' id='word_1_378' title='bbox 1189 2369 1439 2411; x_wconf 83' lang='lat' dir='ltr'><strong>Waldpartieen</strong></span> <span class='ocrx_word' id='word_1_379' title='bbox 1472 2370 1584 2417; x_wconf 84' lang='lat' dir='ltr'><strong>gejagt</strong></span> <span class='ocrx_word' id='word_1_380' title='bbox 1604 2369 1670 2401; x_wconf 91' lang='lat' dir='ltr'><strong>und</strong></span> 
     </span>
     <span class='ocr_line' id='line_1_42' title="bbox 292 2410 1670 2451; baseline -0.002 -6"><span class='ocrx_word' id='word_1_381' title='bbox 292 2414 348 2445; x_wconf 87' lang='lat' dir='ltr'><strong>das</strong></span> <span class='ocrx_word' id='word_1_382' title='bbox 370 2413 462 2445; x_wconf 86' lang='lat' dir='ltr'><strong>Echo</strong></span> <span class='ocrx_word' id='word_1_383' title='bbox 485 2412 682 2445; x_wconf 81' lang='lat' dir='ltr'><strong>beobachtet</strong></span> <span class='ocrx_word' id='word_1_384' title='bbox 703 2412 837 2444; x_wconf 71' lang='lat' dir='ltr'><strong>hatten“</strong></span> <span class='ocrx_word' id='word_1_385' title='bbox 844 2414 864 2451; x_wconf 91' lang='lat'><strong>).</strong></span> <span class='ocrx_word' id='word_1_386' title='bbox 887 2430 930 2435; x_wconf 88' lang='lat'><strong>—</strong></span> <span class='ocrx_word' id='word_1_387' title='bbox 951 2411 1009 2442; x_wconf 84' lang='lat' dir='ltr'><strong>His</strong></span> <span class='ocrx_word' id='word_1_388' title='bbox 1032 2410 1111 2442; x_wconf 87' lang='grc'><strong>10618</strong></span> <span class='ocrx_word' id='word_1_389' title='bbox 1131 2420 1199 2442; x_wconf 90' lang='grc'><strong>11011</strong></span> <span class='ocrx_word' id='word_1_390' title='bbox 1221 2414 1345 2443; x_wconf 88' lang='lat' dir='ltr'><strong>certum</strong></span> <span class='ocrx_word' id='word_1_391' title='bbox 1367 2411 1528 2451; x_wconf 80' lang='lat' dir='ltr'><strong>quendam</strong></span> <span class='ocrx_word' id='word_1_392' title='bbox 1548 2410 1670 2449; x_wconf 70' lang='lat' dir='ltr'><strong>signifi-</strong></span> 
     </span>
     <span class='ocr_line' id='line_1_43' title="bbox 292 2452 1668 2503; baseline -0.002 -16"><span class='ocrx_word' id='word_1_393' title='bbox 292 2455 359 2487; x_wconf 88' lang='lat' dir='ltr'><strong>cari</strong></span> <span class='ocrx_word' id='word_1_394' title='bbox 387 2455 493 2486; x_wconf 84' lang='lat' dir='ltr'><strong>altera</strong></span> <span class='ocrx_word' id='word_1_395' title='bbox 519 2463 660 2503; x_wconf 80' lang='lat' dir='ltr'><strong>persona</strong></span> <span class='ocrx_word' id='word_1_396' title='bbox 688 2472 730 2477; x_wconf 89' lang='lat'><strong>—-</strong></span> <span class='ocrx_word' id='word_1_397' title='bbox 758 2453 823 2485; x_wconf 83' lang='lat' dir='ltr'><strong>nisi</strong></span> <span class='ocrx_word' id='word_1_398' title='bbox 851 2453 904 2486; x_wconf 87' lang='lat' dir='ltr'><strong>hic</strong></span> <span class='ocrx_word' id='word_1_399' title='bbox 934 2462 1010 2485; x_wconf 87' lang='lat' dir='ltr'><strong>usus</strong></span> <span class='ocrx_word' id='word_1_400' title='bbox 1038 2454 1171 2493; x_wconf 87' lang='lat' dir='ltr'><strong>pateret</strong></span> <span class='ocrx_word' id='word_1_401' title='bbox 1202 2461 1261 2493; x_wconf 86' lang='lat' dir='ltr'><strong>per</strong></span> <span class='ocrx_word' id='word_1_402' title='bbox 1283 2455 1387 2485; x_wconf 88' lang='lat' dir='ltr'><strong>totam</strong></span> <span class='ocrx_word' id='word_1_403' title='bbox 1409 2452 1608 2485; x_wconf 79' lang='lat' dir='ltr'><strong>latinitatem</strong></span> <span class='ocrx_word' id='word_1_404' title='bbox 1633 2471 1668 2476; x_wconf 91' lang='lat'>—</span> 
     </span>
     <span class='ocr_line' id='line_1_44' title="bbox 292 2494 1669 2536; baseline -0.001 -8"><span class='ocrx_word' id='word_1_405' title='bbox 292 2496 477 2529; x_wconf 79' lang='lat' dir='ltr'><strong>confirmari</strong></span> <span class='ocrx_word' id='word_1_406' title='bbox 498 2495 602 2536; x_wconf 88' lang='lat' dir='ltr'><strong>possit</strong></span> <span class='ocrx_word' id='word_1_407' title='bbox 623 2505 651 2527; x_wconf 88' lang='lat' dir='ltr'><strong>e.</strong></span> <span class='ocrx_word' id='word_1_408' title='bbox 676 2506 705 2536; x_wconf 87' lang='lat' dir='ltr'><strong>g.</strong></span> <span class='ocrx_word' id='word_1_409' title='bbox 729 2506 756 2527; x_wconf 89' lang='lat' dir='ltr'><strong>v.</strong></span> <span class='ocrx_word' id='word_1_410' title='bbox 770 2495 800 2527; x_wconf 90' lang='lat' dir='ltr'><strong>V</strong></span> <span class='ocrx_word' id='word_1_411' title='bbox 813 2496 893 2528; x_wconf 80' lang='grc'><strong>260.</strong></span> <span class='ocrx_word' id='word_1_412' title='bbox 916 2495 1066 2535; x_wconf 74' lang='lat' dir='ltr'><strong>quoniam</strong></span> <span class='ocrx_word' id='word_1_413' title='bbox 1088 2494 1185 2527; x_wconf 88' lang='lat' dir='ltr'><strong>dubio</strong></span> <span class='ocrx_word' id='word_1_414' title='bbox 1207 2495 1320 2535; x_wconf 88' lang='lat' dir='ltr'><strong>procul</strong></span> <span class='ocrx_word' id='word_1_415' title='bbox 1336 2504 1408 2527; x_wconf 86' lang='lat' dir='ltr'><strong>esse</strong></span> <span class='ocrx_word' id='word_1_416' title='bbox 1426 2494 1554 2526; x_wconf 82' lang='lat' dir='ltr'><strong>videtur</strong></span> <span class='ocrx_word' id='word_1_417' title='bbox 1568 2494 1669 2526; x_wconf 86' lang='lat' dir='ltr'><strong>omni-</strong></span> 
     </span>
     <span class='ocr_line' id='line_1_45' title="bbox 291 2536 1671 2579; baseline -0.001 -9"><span class='ocrx_word' id='word_1_418' title='bbox 291 2547 410 2579; x_wconf 75' lang='lat' dir='ltr'><strong>parens</strong></span> <span class='ocrx_word' id='word_1_419' title='bbox 433 2547 541 2569; x_wconf 89' lang='lat' dir='ltr'><strong>rerum</strong></span> <span class='ocrx_word' id='word_1_420' title='bbox 567 2540 601 2570; x_wconf 87' lang='lat' dir='ltr'><strong>et</strong></span> <span class='ocrx_word' id='word_1_421' title='bbox 623 2547 793 2570; x_wconf 87' lang='lat' dir='ltr'><strong>commune</strong></span> <span class='ocrx_word' id='word_1_422' title='bbox 816 2536 1015 2578; x_wconf 85' lang='lat' dir='ltr'><strong>sepulcrum,</strong></span> <span class='ocrx_word' id='word_1_423' title='bbox 1050 2545 1127 2577; x_wconf 85' lang='lat' dir='ltr'><strong>ergo</strong></span> <span class='ocrx_word' id='word_1_424' title='bbox 1149 2538 1239 2568; x_wconf 85' lang='lat' dir='ltr'><strong>terra</strong></span> <span class='ocrx_word' id='word_1_425' title='bbox 1260 2536 1339 2569; x_wconf 90' lang='lat' dir='ltr'><strong>tibi</strong></span> <span class='ocrx_word' id='word_1_426' title='bbox 1368 2536 1489 2569; x_wconf 85' lang='lat' dir='ltr'><strong>libatur</strong></span> <span class='ocrx_word' id='word_1_427' title='bbox 1511 2538 1546 2568; x_wconf 92' lang='lat' dir='ltr'><strong>et</strong></span> <span class='ocrx_word' id='word_1_428' title='bbox 1574 2542 1671 2569; x_wconf 82' lang='lat' dir='ltr'><strong>aucta</strong></span> 
     </span>
     <span class='ocr_line' id='line_1_46' title="bbox 290 2579 453 2614; baseline -0.012 0"><span class='ocrx_word' id='word_1_429' title='bbox 290 2579 453 2614; x_wconf 87' lang='lat' dir='ltr'><strong>recrescit.</strong></span> 
     </span>
    </p>
   </div>
  </div>
 </body>
</html>
