1809 3046
750 218 952 251 -23„-

169 331 254 356 usus
276 322 331 355 est
351 321 545 366 literarum,
571 330 664 364 quae
685 322 723 354 et
745 319 964 354 comoediam
988 320 1243 354 constituerent
1257 322 1293 354 et
1313 318 1536 364 tragoediam

171 369 333 419 (Aristot.
356 371 401 406 de
423 381 505 416 gen.
529 374 565 406 et
586 381 678 406 corr.
702 370 789 416 315,
806 371 828 404 2
848 368 996 417 Bekk.).
1032 371 1075 404 Ei
1096 371 1205 414 igitur
1227 373 1306 405 erat
1328 374 1439 405 totum
1459 382 1535 405 cor-

169 433 236 469 pus
262 422 445 458 literarum
469 433 605 459 summa
630 422 770 468 parium
792 422 1057 458 elementorum.
1113 421 1228 458 Aliter
1256 422 1441 469 Lucretio3
1476 423 1537 467 qui

169 474 382 519 ubicumque
405 476 568 520 exemplo
591 474 773 510 literarum
795 475 916 520 utitur,
940 473 1100 518 singulas
1123 474 1247 510 literas
1277 476 1353 510 vult
1375 486 1455 510 esse
1483 474 1535 509 di-

171 536 276 561 versa
297 527 483 561 elementa.
535 527 553 560 I
575 527 648 560 912
672 537 751 570 sqq.
775 526 867 560 enim
891 526 978 560 dicit
1000 526 1176 560 elementa
1197 525 1376 560 nominum
1395 524 1533 572 „ligni“

170 579 207 612 et
246 575 389 623 „ignis“
434 577 631 613 maxima
676 588 728 613 ex
770 580 906 622 parte
941 577 1067 612 eadem
1108 587 1208 623 esse3
1253 577 1359 611 simili
1398 578 1536 613 ratione

169 629 186 663 I
209 628 284 663 823
307 639 386 673 sqq.
417 629 536 664 multis
563 629 684 664 verbis
712 629 763 663 ait
791 630 934 664 multa
966 629 1144 663 elementa
1170 639 1249 663 esse
1278 629 1476 664 communia
1501 632 1537 663 et

168 680 203 714 11
235 680 333 714 1013
370 691 449 725 sqq.
490 682 665 716 elementa
699 681 887 715 verborum
921 680 1117 715 maxima
1152 690 1205 714 ex
1239 683 1373 724 parte
1410 681 1537 715 eadem

169 741 260 767 esse.
288 731 353 766 His
375 732 463 767 locis
486 732 642 776 explicat
663 734 771 776 poeta
792 732 916 767 eadem
939 731 1014 767 fere
1037 731 1231 776 primordia
1254 730 1395 766 efficere
1419 732 1536 767 diver-

170 794 229 818 sas
253 793 312 818 res
334 780 448 830 (velut
470 783 604 826 lignum
628 786 663 818 et
684 783 813 828 ignem,
847 784 982 818 caelum
1003 794 1101 818 mare
1123 787 1238 818 terras
1260 783 1405 822 flumina
1427 784 1536 818 solem

172 836 280 878 atque
302 833 424 879 fruges
454 835 600 870 arbusta
630 831 843 883 animantes)
875 837 910 869 et
932 835 1092 870 diversas
1114 835 1372 879 proprietates:
1405 835 1537 870 formas

173 886 311 921 colores
333 896 472 922 sensus.
526 886 779 922 Verumtamen
809 897 935 931 omnes
958 896 1017 921 res
1047 886 1215 921 docemur
1241 889 1405 922 constare
1433 897 1535 931 per-

172 937 315 972 mixto
343 938 488 973 semine.
544 937 715 973 Gramina
755 937 848 972 enim
884 940 920 973 et
959 938 1102 973 flumina
1136 938 1208 972 alia
1242 938 1425 973 continent
1465 939 1535 973 ele-

172 991 293 1023 menta
324 999 415 1033 quae
446 989 590 1036 ovibus,
629 989 702 1024 alia
723 999 814 1033 quae
837 989 948 1035 equis,
972 989 1044 1023 alia
1066 1000 1158 1033 quae
1180 990 1299 1024 vaccis
1321 990 1536 1024 conveniunt

171 1040 205 1073 II
228 1040 304 1074 660
326 1051 405 1085 sqq.
422 1038 461 1087 ¹).
515 1040 633 1084 Atque
655 1040 746 1075 haec
768 1040 911 1083 quidem
934 1041 1110 1074 sententia
1132 1041 1339 1084 discrepans
1365 1041 1534 1084 quodam-

171 1090 277 1126 modo
307 1102 385 1126 cum
415 1092 477 1126 illa
505 1091 710 1137 superiore,
751 1091 785 1125 Π
815 1091 889 1125 688
913 1102 992 1136 sqq.
1017 1091 1142 1126 eodem
1164 1091 1347 1126 literarum
1372 1094 1535 1137 exemplo

172 1143 390 1178 illustratur:
414 1153 539 1178 versus
561 1154 604 1178 ac
625 1143 738 1178 verba
759 1153 805 1177 ex
826 1142 980 1178 diversis
1003 1146 1167 1178 constant
1188 1144 1373 1178 elementis
1398 1164 1436 1169 --
1465 1156 1535 1179 non

171 1204 240 1237 quo
271 1193 361 1229 haec
392 1194 510 1229 omnia
540 1195 632 1229 inter
663 1205 701 1229 se
738 1193 915 1240 differant,
948 1194 1012 1228 sed
1045 1194 1129 1238 quia
1163 1204 1234 1228 non
1263 1195 1381 1228 omnia
1411 1196 1535 1229 eadem

170 1248 262 1280 sunt.
305 1265 355 1270 -—
399 1245 480 1280 Non
523 1245 590 1280 hoc
636 1245 836 1289 exemplum
879 1244 1043 1290 displicet
1084 1245 1274 1290 dupliciter
1314 1249 1533 1292 usurpatum,
1551 1283 1555 1287 ,

170 1307 293 1331 verum
319 1297 518 1332 sententiae
550 1307 591 1331 eo
622 1297 821 1331 illustratae
848 1297 976 1331 merito
1004 1297 1184 1332 mirabiles
1211 1297 1388 1331 videntur.
1433 1297 1532 1331 Nihi-

169 1347 319 1382 lominus
352 1348 488 1382 duobus
519 1349 685 1393 locorum,
717 1358 805 1391 quos
837 1347 956 1394 citavi,
989 1350 1190 1392 suspectum
1214 1347 1384 1394 habetur3
1413 1348 1449 1382 in
1472 1359 1534 1383 eos

169 1399 241 1435 iam
264 1399 495 1444 inquiramus.

343 1452 379 1486 II
403 1452 604 1486 1013—22

347 1503 440 1546 Quin
463 1503 570 1538 etiam
591 1502 702 1538 refert
725 1502 853 1537 nostris
875 1502 912 1537 in
935 1502 1098 1538 versibus
1124 1502 1212 1546 ipsis

344 1565 424 1590 cum
446 1555 573 1599 quibus
595 1557 632 1590 et
654 1555 751 1599 quali
773 1554 844 1589 sint
866 1554 991 1589 ordine
1013 1564 1176 1599 quaeque
1201 1554 1329 1590 locat-a.

224 1606 322 1640 1015
345 1617 497 1650 namque
517 1607 642 1641 eadem
665 1606 802 1641 caelum
823 1617 922 1641 mare
944 1608 1061 1640 terras
1082 1605 1227 1640 flumina
1249 1607 1359 1641 solem

346 1657 548 1701 significant
571 1658 696 1693 eadem
717 1657 839 1702 fruges
861 1658 1008 1692 arbusta
1030 1657 1233 1692 animantis.

346 1709 377 1743 si
404 1719 476 1744 non
500 1710 619 1744 omnia
640 1711 733 1755 sunt,
759 1711 797 1743 at
818 1709 929 1744 multo
952 1709 1107 1744 maxima
1128 1719 1212 1753 pars
1235 1712 1291 1745 est

347 1760 558 1796 consimilis:
581 1771 704 1796 verum
725 1760 887 1805 positura
909 1760 1142 1804 discrepitant
1167 1771 1236 1796 res.

347 1812 399 1846 sic
421 1812 509 1857 ipsis
531 1812 567 1847 in
586 1813 692 1848 rebus
713 1812 798 1847 item
820 1812 890 1846 iam
912 1812 1075 1847 materiai

276 1975 310 2015 1)
331 1974 405 2006 Non
426 1974 527 2014 igitur
547 1973 685 2005 eadem
706 1973 869 2005 elementa
890 1973 1014 2005 diverso
1037 1976 1126 2006 motu
1148 1974 1295 2014 positura
1313 1977 1374 2007 cet.
1397 1975 1537 2007 diversas

171 2025 223 2048 res
256 2015 467 2055 constituunt,
502 2015 558 2047 sed
593 2014 735 2053 „semina
767 2014 926 2047 ardoris
958 2016 1053 2056 paulo
1085 2016 1174 2047 inter
1205 2026 1239 2048 se
1268 2019 1393 2048 mutata
1425 2020 1538 2049 creant

171 2058 264 2096 ignes
285 2060 320 2089 et
337 2058 476 2097 lignum“
502 2058 532 2097 (Ι
550 2057 627 2096 911)
649 2059 684 2088 et
709 2065 942 2096 „quaecumque
964 2057 1032 2096 igni
1054 2060 1248 2096 cremantur,
1267 2058 1538 2099 haecincorpore

172 2098 288 2137 celant,
311 2098 398 2129 unde
420 2098 529 2138 ignem
550 2099 656 2129 iacere
679 2101 712 2128 et
734 2097 875 2129 favillam
896 2098 1027 2129 mittere
1049 2098 1204 2138 possint‘st
1245 2099 1276 2130 II
1297 2099 1358 2131 672
1380 2108 1445 2139 sqq.

173 2139 212 2173 cf.
236 2140 251 2171 I
273 2140 335 2173 812
357 2149 402 2180 sq.
940 2138 1056 2171 alimur
1075 2149 1135 2172 nos

298 2182 425 2214 certis
447 2181 488 2213 ab
509 2181 615 2220 rebus,
637 2181 733 2213 certis
755 2181 837 2213 aliae
859 2183 955 2221 atque
977 2181 1059 2213 aliae
1081 2191 1133 2213 res

173 2233 245 2255 cum
269 2225 294 2255 ll
318 2223 381 2255 874
403 2232 468 2262 sqq.
491 2224 671 2254 vertunt
691 2232 726 2254 se
749 2225 885 2254 cunctae
906 2232 973 2254 res:

298 2266 430 2296 vertunt
452 2273 486 2295 se
508 2263 596 2296 fluvii
618 2263 749 2296 frondes
771 2266 806 2296 et
827 2264 945 2305 pabula
964 2264 1052 2296 laeta

298 2305 332 2337 in
353 2305 503 2347 pecudes,
525 2307 658 2337 vertunt
679 2305 818 2346 pecudes
840 2305 874 2337 in
897 2315 1031 2346 corpora
1053 2308 1165 2338 nostra

299 2349 457 2385 naturam,
480 2349 515 2378 et
535 2349 647 2379 nostro
668 2347 708 2378 de
731 2357 865 2388 corpore
887 2356 985 2387 saepe
1007 2347 1148 2379 ferarum

297 2390 475 2429 augescunt
495 2388 580 2420 vires
604 2413 610 2419 .
634 2413 640 2419 .
665 2413 671 2419 .

300 2439 378 2471 ergo
400 2439 509 2462 omnes
531 2432 649 2462 natura
670 2429 757 2462 cibos
778 2430 812 2461 in
834 2438 969 2470 corpora
991 2430 1063 2462 viva

298 2472 396 2504 vertit
419 2496 425 2502 .
451 2497 456 2503 .
481 2497 487 2503 .

298 2522 366 2545 non
387 2513 451 2545 alia
470 2513 566 2553 longe
588 2513 717 2545 ratione
738 2512 841 2552 adque
863 2511 953 2544 arida
973 2512 1063 2553 ligna

298 2554 439 2595 explicat
459 2554 494 2586 in
515 2554 659 2586 flammas
681 2556 716 2586 et
736 2554 771 2585 in
793 2553 878 2592 ignis
899 2554 1008 2586 omnia
1028 2556 1144 2586 versat.

174 2595 263 2628 Haec
284 2596 503 2629 inconstantia
523 2596 619 2628 latius
640 2598 741 2637 patet.
785 2595 824 2628 cf.
847 2605 899 2635 pg.
923 2596 964 2627 39
986 2606 1030 2636 sq.
