<?xml version="1.0" encoding="UTF-8"?>
<!DOCTYPE html PUBLIC "-//W3C//DTD XHTML 1.0 Transitional//EN"
    "http://www.w3.org/TR/xhtml1/DTD/xhtml1-transitional.dtd">
<html xmlns="http://www.w3.org/1999/xhtml" xml:lang="en" lang="en">
 <head>
  <title>
</title>
<meta http-equiv="Content-Type" content="text/html;charset=utf-8" />
  <meta name='ocr-system' content='tesseract 3.04.00' />
  <meta name='ocr-capabilities' content='ocr_page ocr_carea ocr_par ocr_line ocrx_word'/>
</head>
<body>
  <div class='ocr_page' id='page_1' title='image "./4738080_0035.png"; bbox 0 0 1809 3046; ppageno 0'>
   <div class='ocr_carea' id='block_1_1' title="bbox 258 178 1630 582">
    <p class='ocr_par' dir='ltr' id='par_1_1' title="bbox 258 178 1630 582">
     <span class='ocr_line' id='line_1_1' title="bbox 842 178 1294 219; baseline 0.004 -9"><span class='ocrx_word' id='word_1_1' title='bbox 842 197 892 201; x_wconf 90' lang='lat'><strong>—</strong></span> <span class='ocrx_word' id='word_1_2' title='bbox 921 178 969 211; x_wconf 84' lang='lat'><strong>28</strong></span> <span class='ocrx_word' id='word_1_3' title='bbox 998 198 1048 202; x_wconf 84' lang='lat'><strong>-—-</strong></span> <span class='ocrx_word' id='word_1_4' title='bbox 1275 212 1294 219; x_wconf 58' lang='grc'>,</span> 
     </span>
     <span class='ocr_line' id='line_1_2' title="bbox 260 277 1628 326; baseline 0.003 -15"><span class='ocrx_word' id='word_1_5' title='bbox 260 277 312 312; x_wconf 91' lang='lat' dir='ltr'><strong>eis</strong></span> <span class='ocrx_word' id='word_1_6' title='bbox 336 277 598 314; x_wconf 81' lang='lat' dir='ltr'><strong>demonstretur</strong></span> <span class='ocrx_word' id='word_1_7' title='bbox 628 278 742 325; x_wconf 87' lang='lat' dir='ltr'><strong>„nulli</strong></span> <span class='ocrx_word' id='word_1_8' title='bbox 765 279 906 324; x_wconf 75' lang='lat' dir='ltr'>corpori</span> <span class='ocrx_word' id='word_1_9' title='bbox 928 279 1034 314; x_wconf 90' lang='lat' dir='ltr'><strong>inane</strong></span> <span class='ocrx_word' id='word_1_10' title='bbox 1057 278 1264 326; x_wconf 84' lang='lat' dir='ltr'><strong>resistere“‚</strong></span> <span class='ocrx_word' id='word_1_11' title='bbox 1295 290 1366 315; x_wconf 91' lang='lat' dir='ltr'><strong>non</strong></span> <span class='ocrx_word' id='word_1_12' title='bbox 1391 279 1429 315; x_wconf 92' lang='lat' dir='ltr'><strong>id</strong></span> <span class='ocrx_word' id='word_1_13' title='bbox 1451 278 1546 324; x_wconf 90' lang='lat' dir='ltr'><strong>quod</strong></span> <span class='ocrx_word' id='word_1_14' title='bbox 1568 280 1628 315; x_wconf 88' lang='lat' dir='ltr'><strong>dc-</strong></span> 
     </span>
     <span class='ocr_line' id='line_1_3' title="bbox 258 329 1630 378; baseline 0.003 -15"><span class='ocrx_word' id='word_1_15' title='bbox 258 329 525 365; x_wconf 80' lang='lat' dir='ltr'><strong>monstrandum</strong></span> <span class='ocrx_word' id='word_1_16' title='bbox 549 330 596 365; x_wconf 91' lang='lat' dir='ltr'><strong>sit</strong></span> <span class='ocrx_word' id='word_1_17' title='bbox 618 331 778 377; x_wconf 84' lang='lat' dir='ltr'><strong>„nullam</strong></span> <span class='ocrx_word' id='word_1_18' title='bbox 799 331 915 366; x_wconf 91' lang='lat' dir='ltr'><strong>inanis</strong></span> <span class='ocrx_word' id='word_1_19' title='bbox 937 333 1075 375; x_wconf 89' lang='lat' dir='ltr'><strong>partem</strong></span> <span class='ocrx_word' id='word_1_20' title='bbox 1097 342 1204 376; x_wconf 88' lang='lat' dir='ltr'><strong>posse</strong></span> <span class='ocrx_word' id='word_1_21' title='bbox 1225 334 1344 367; x_wconf 85' lang='lat' dir='ltr'><strong>terrae</strong></span> <span class='ocrx_word' id='word_1_22' title='bbox 1365 330 1571 378; x_wconf 88' lang='lat' dir='ltr'><strong>resistere“‚</strong></span> <span class='ocrx_word' id='word_1_23' title='bbox 1595 334 1630 367; x_wconf 84' lang='lat' dir='ltr'><strong>et</strong></span> 
     </span>
     <span class='ocr_line' id='line_1_4' title="bbox 260 379 1628 430; baseline 0.003 -15"><span class='ocrx_word' id='word_1_24' title='bbox 260 381 355 424; x_wconf 86' lang='lat' dir='ltr'><strong>quod</strong></span> <span class='ocrx_word' id='word_1_25' title='bbox 374 381 485 416; x_wconf 89' lang='lat' dir='ltr'><strong>verba</strong></span> <span class='ocrx_word' id='word_1_26' title='bbox 504 382 591 428; x_wconf 88' lang='lat' dir='ltr'><strong>„tali</strong></span> <span class='ocrx_word' id='word_1_27' title='bbox 607 381 771 417; x_wconf 87' lang='lat' dir='ltr'><strong>ratione“</strong></span> <span class='ocrx_word' id='word_1_28' title='bbox 791 379 926 430; x_wconf 88' lang='lat'>(1081)</span> <span class='ocrx_word' id='word_1_29' title='bbox 941 382 1162 418; x_wconf 87' lang='lat' dir='ltr'><strong>commodum</strong></span> <span class='ocrx_word' id='word_1_30' title='bbox 1177 393 1319 418; x_wconf 88' lang='lat' dir='ltr'><strong>sensum</strong></span> <span class='ocrx_word' id='word_1_31' title='bbox 1335 394 1405 419; x_wconf 91' lang='lat' dir='ltr'><strong>non</strong></span> <span class='ocrx_word' id='word_1_32' title='bbox 1419 383 1628 430; x_wconf 83' lang='lat' dir='ltr'><strong>praebeant,</strong></span> 
     </span>
     <span class='ocr_line' id='line_1_5' title="bbox 258 430 884 483; baseline 0.006 -18"><span class='ocrx_word' id='word_1_33' title='bbox 258 431 326 466; x_wconf 90' lang='lat' dir='ltr'><strong>nisi</strong></span> <span class='ocrx_word' id='word_1_34' title='bbox 349 432 530 478; x_wconf 82' lang='lat' dir='ltr'><strong>excipiant</strong></span> <span class='ocrx_word' id='word_1_35' title='bbox 550 434 664 469; x_wconf 84' lang='lat' dir='ltr'><strong>verba</strong></span> <span class='ocrx_word' id='word_1_36' title='bbox 686 430 817 483; x_wconf 89' lang='lat'>(1077.</span> <span class='ocrx_word' id='word_1_37' title='bbox 846 431 884 481; x_wconf 91' lang='grc'><strong>8)</strong></span> 
     </span>
     <span class='ocr_line' id='line_1_6' title="bbox 725 489 1275 532; baseline -0.002 -11"><span class='ocrx_word' id='word_1_38' title='bbox 725 497 794 531; x_wconf 93' lang='lat' dir='ltr'><strong>quo</strong></span> <span class='ocrx_word' id='word_1_39' title='bbox 818 496 967 531; x_wconf 88' lang='lat' dir='ltr'><strong>corpora</strong></span> <span class='ocrx_word' id='word_1_40' title='bbox 988 496 1068 520; x_wconf 90' lang='lat' dir='ltr'><strong>cum</strong></span> <span class='ocrx_word' id='word_1_41' title='bbox 1088 489 1275 532; x_wconf 87' lang='lat' dir='ltr'><strong>venerunt,</strong></span> 
     </span>
     <span class='ocr_line' id='line_1_7' title="bbox 309 535 1274 582; baseline 0.003 -13"><span class='ocrx_word' id='word_1_42' title='bbox 309 535 537 579; x_wconf 88' lang='lat' dir='ltr'><strong>ponderis</strong></span> <span class='ocrx_word' id='word_1_43' title='bbox 560 537 736 573; x_wconf 86' lang='lat' dir='ltr'><strong>amissa</strong></span> <span class='ocrx_word' id='word_1_44' title='bbox 763 538 805 572; x_wconf 90' lang='lat' dir='ltr'><strong>vi</strong></span> <span class='ocrx_word' id='word_1_45' title='bbox 827 537 966 582; x_wconf 76' lang='lat' dir='ltr'><strong>possint</strong></span> <span class='ocrx_word' id='word_1_46' title='bbox 988 540 1086 572; x_wconf 86' lang='lat' dir='ltr'><strong>stare</strong></span> <span class='ocrx_word' id='word_1_47' title='bbox 1105 537 1142 572; x_wconf 91' lang='lat' dir='ltr'><strong>in</strong></span> <span class='ocrx_word' id='word_1_48' title='bbox 1163 538 1274 572; x_wconf 90' lang='lat' dir='ltr'><strong>inani.</strong></span> 
     </span>
    </p>
   </div>
   <div class='ocr_carea' id='block_1_2' title="bbox 258 596 1631 851">
    <p class='ocr_par' dir='ltr' id='par_1_2' title="bbox 258 596 1631 851">
     <span class='ocr_line' id='line_1_8' title="bbox 260 596 1629 646; baseline 0.001 -14"><span class='ocrx_word' id='word_1_49' title='bbox 260 596 432 633; x_wconf 86' lang='lat' dir='ltr'><strong>Similiter</strong></span> <span class='ocrx_word' id='word_1_50' title='bbox 468 598 558 645; x_wconf 85' lang='lat' dir='ltr'><strong>„tali</strong></span> <span class='ocrx_word' id='word_1_51' title='bbox 593 597 756 634; x_wconf 82' lang='lat' dir='ltr'><strong>ratione“</strong></span> <span class='ocrx_word' id='word_1_52' title='bbox 788 598 941 643; x_wconf 89' lang='lat' dir='ltr'><strong>positum</strong></span> <span class='ocrx_word' id='word_1_53' title='bbox 977 601 1032 634; x_wconf 86' lang='lat' dir='ltr'><strong>est</strong></span> <span class='ocrx_word' id='word_1_54' title='bbox 1068 599 1086 633; x_wconf 98' lang='lat' dir='ltr'>I</span> <span class='ocrx_word' id='word_1_55' title='bbox 1120 598 1208 646; x_wconf 89' lang='lat'>395,</span> <span class='ocrx_word' id='word_1_56' title='bbox 1250 610 1293 634; x_wconf 92' lang='lat' dir='ltr'><strong>ac</strong></span> <span class='ocrx_word' id='word_1_57' title='bbox 1328 603 1426 635; x_wconf 90' lang='lat' dir='ltr'><strong>recte</strong></span> <span class='ocrx_word' id='word_1_58' title='bbox 1462 599 1629 635; x_wconf 87' lang='lat' dir='ltr'><strong>Stueren-</strong></span> 
     </span>
     <span class='ocr_line' id='line_1_9' title="bbox 258 649 1631 698; baseline 0.002 -14"><span class='ocrx_word' id='word_1_59' title='bbox 258 649 408 695; x_wconf 88' lang='lat' dir='ltr'><strong>burgius</strong></span> <span class='ocrx_word' id='word_1_60' title='bbox 429 650 481 686; x_wconf 88' lang='lat' dir='ltr'><strong>ita</strong></span> <span class='ocrx_word' id='word_1_61' title='bbox 502 650 760 695; x_wconf 88' lang='lat' dir='ltr'><strong>interpretatus</strong></span> <span class='ocrx_word' id='word_1_62' title='bbox 787 653 862 686; x_wconf 90' lang='lat' dir='ltr'><strong>est:</strong></span> <span class='ocrx_word' id='word_1_63' title='bbox 896 651 986 698; x_wconf 85' lang='lat' dir='ltr'><strong>„tali</strong></span> <span class='ocrx_word' id='word_1_64' title='bbox 1008 651 1146 686; x_wconf 91' lang='lat' dir='ltr'><strong>ratione</strong></span> <span class='ocrx_word' id='word_1_65' title='bbox 1167 654 1207 687; x_wconf 92' lang='lat' dir='ltr'><strong>ut</strong></span> <span class='ocrx_word' id='word_1_66' title='bbox 1228 651 1281 686; x_wconf 91' lang='lat' dir='ltr'><strong>illi</strong></span> <span class='ocrx_word' id='word_1_67' title='bbox 1304 651 1549 687; x_wconf 82' lang='lat' dir='ltr'><strong>existimant“.</strong></span> <span class='ocrx_word' id='word_1_68' title='bbox 1580 671 1631 677; x_wconf 93' lang='lat'><strong>—-</strong></span> 
     </span>
     <span class='ocr_line' id='line_1_10' title="bbox 258 701 1631 751; baseline 0.002 -15"><span class='ocrx_word' id='word_1_69' title='bbox 258 701 392 738; x_wconf 82' lang='lat' dir='ltr'><strong>Versus</strong></span> <span class='ocrx_word' id='word_1_70' title='bbox 421 713 510 747; x_wconf 92' lang='lat' dir='ltr'><strong>quos</strong></span> <span class='ocrx_word' id='word_1_71' title='bbox 537 705 732 739; x_wconf 81' lang='lat' dir='ltr'><strong>tractamus</strong></span> <span class='ocrx_word' id='word_1_72' title='bbox 761 704 889 739; x_wconf 82' lang='lat' dir='ltr'><strong>abesse</strong></span> <span class='ocrx_word' id='word_1_73' title='bbox 921 713 1027 748; x_wconf 83' lang='lat' dir='ltr'><strong>posse</strong></span> <span class='ocrx_word' id='word_1_74' title='bbox 1056 714 1125 738; x_wconf 92' lang='lat' dir='ltr'><strong>non</strong></span> <span class='ocrx_word' id='word_1_75' title='bbox 1158 714 1267 751; x_wconf 83' lang='lat' dir='ltr'><strong>neg03</strong></span> <span class='ocrx_word' id='word_1_76' title='bbox 1303 705 1342 739; x_wconf 86' lang='lat' dir='ltr'><strong>at</strong></span> <span class='ocrx_word' id='word_1_77' title='bbox 1370 704 1449 749; x_wconf 88' lang='lat' dir='ltr'><strong>quis</strong></span> <span class='ocrx_word' id='word_1_78' title='bbox 1471 704 1631 748; x_wconf 88' lang='lat' dir='ltr'><strong>requirat</strong></span> 
     </span>
     <span class='ocr_line' id='line_1_11' title="bbox 259 753 1629 804; baseline 0.001 -15"><span class='ocrx_word' id='word_1_79' title='bbox 259 753 348 790; x_wconf 88' lang='lat' dir='ltr'><strong>duos</strong></span> <span class='ocrx_word' id='word_1_80' title='bbox 369 753 637 802; x_wconf 81' lang='lat' dir='ltr'><strong>antecedentes,</strong></span> <span class='ocrx_word' id='word_1_81' title='bbox 669 755 700 791; x_wconf 91' lang='lat' dir='ltr'><strong>si</strong></span> <span class='ocrx_word' id='word_1_82' title='bbox 723 755 872 791; x_wconf 79' lang='lat' dir='ltr'><strong>absint?</strong></span> <span class='ocrx_word' id='word_1_83' title='bbox 902 755 1013 791; x_wconf 91' lang='lat' dir='ltr'><strong>Immo</strong></span> <span class='ocrx_word' id='word_1_84' title='bbox 1046 766 1124 791; x_wconf 89' lang='lat' dir='ltr'><strong>cum</strong></span> <span class='ocrx_word' id='word_1_85' title='bbox 1147 755 1343 793; x_wconf 86' lang='lat' dir='ltr'><strong>offensione</strong></span> <span class='ocrx_word' id='word_1_86' title='bbox 1366 758 1523 804; x_wconf 87' lang='lat' dir='ltr'><strong>careant,</strong></span> <span class='ocrx_word' id='word_1_87' title='bbox 1546 754 1582 792; x_wconf 89' lang='lat' dir='ltr'><strong>h.</strong></span> <span class='ocrx_word' id='word_1_88' title='bbox 1604 756 1629 792; x_wconf 92' lang='lat' dir='ltr'><strong>l.</strong></span> 
     </span>
     <span class='ocr_line' id='line_1_12' title="bbox 258 807 850 851; baseline 0.003 -11"><span class='ocrx_word' id='word_1_89' title='bbox 258 807 316 841; x_wconf 90' lang='lat' dir='ltr'><strong>vel</strong></span> <span class='ocrx_word' id='word_1_90' title='bbox 337 807 502 851; x_wconf 90' lang='lat' dir='ltr'><strong>primitus</strong></span> <span class='ocrx_word' id='word_1_91' title='bbox 524 807 649 851; x_wconf 88' lang='lat' dir='ltr'><strong>scripti</strong></span> <span class='ocrx_word' id='word_1_92' title='bbox 670 807 850 842; x_wconf 85' lang='lat' dir='ltr'><strong>videntur.</strong></span> 
     </span>
    </p>
   </div>
   <div class='ocr_carea' id='block_1_3' title="bbox 311 868 1429 1329">
    <p class='ocr_par' dir='ltr' id='par_1_3' title="bbox 362 868 930 903">
     <span class='ocr_line' id='line_1_13' title="bbox 362 868 930 903; baseline 0.002 -1"><span class='ocrx_word' id='word_1_93' title='bbox 362 868 393 902; x_wconf 95' lang='lat' dir='ltr'>V</span> <span class='ocrx_word' id='word_1_94' title='bbox 417 868 560 902; x_wconf 86' lang='grc'><strong>1392-</strong></span> <span class='ocrx_word' id='word_1_95' title='bbox 572 869 621 903; x_wconf 89' lang='grc'><strong>96</strong></span> <span class='ocrx_word' id='word_1_96' title='bbox 646 883 695 899; x_wconf 75' lang='lat' dir='ltr'><strong><em>z</em></strong></span> <span class='ocrx_word' id='word_1_97' title='bbox 718 869 753 903; x_wconf 90' lang='lat' dir='ltr'>H</span> <span class='ocrx_word' id='word_1_98' title='bbox 776 869 930 903; x_wconf 84' lang='lat'>29—33</span> 
     </span>
    </p>

    <p class='ocr_par' dir='ltr' id='par_1_4' title="bbox 311 919 1400 1008">
     <span class='ocr_line' id='line_1_14' title="bbox 311 919 1052 957; baseline 0.004 -5"><span class='ocrx_word' id='word_1_99' title='bbox 311 919 412 953; x_wconf 96' lang='lat'>1390</span> <span class='ocrx_word' id='word_1_100' title='bbox 433 919 524 955; x_wconf 87' lang='lat' dir='ltr'><strong>hacc</strong></span> <span class='ocrx_word' id='word_1_101' title='bbox 546 920 683 956; x_wconf 90' lang='lat' dir='ltr'><strong>animos</strong></span> <span class='ocrx_word' id='word_1_102' title='bbox 707 920 788 956; x_wconf 93' lang='lat' dir='ltr'><strong>ollis</strong></span> <span class='ocrx_word' id='word_1_103' title='bbox 813 947 821 956; x_wconf 94' lang='lat'><strong>.</strong></span> <span class='ocrx_word' id='word_1_104' title='bbox 847 949 854 956; x_wconf 90' lang='lat'>.</span> <span class='ocrx_word' id='word_1_105' title='bbox 879 921 1052 957; x_wconf 88' lang='lat' dir='ltr'><strong>iuvabant</strong></span> 
     </span>
     <span class='ocr_line' id='line_1_15' title="bbox 435 972 1400 1008; baseline 0.001 -2"><span class='ocrx_word' id='word_1_106' title='bbox 435 982 513 1006; x_wconf 91' lang='lat' dir='ltr'><strong>cum</strong></span> <span class='ocrx_word' id='word_1_107' title='bbox 536 972 664 1008; x_wconf 87' lang='lat' dir='ltr'><strong>satiate</strong></span> <span class='ocrx_word' id='word_1_108' title='bbox 687 972 778 1008; x_wconf 84' lang='lat' dir='ltr'><strong>cibi:</strong></span> <span class='ocrx_word' id='word_1_109' title='bbox 801 983 885 1007; x_wconf 90' lang='lat' dir='ltr'><strong>nam</strong></span> <span class='ocrx_word' id='word_1_110' title='bbox 907 975 981 1007; x_wconf 91' lang='lat' dir='ltr'><strong>tum</strong></span> <span class='ocrx_word' id='word_1_111' title='bbox 1004 975 1085 1008; x_wconf 89' lang='lat' dir='ltr'><strong>sunt</strong></span> <span class='ocrx_word' id='word_1_112' title='bbox 1107 973 1266 1008; x_wconf 85' lang='lat' dir='ltr'><strong>carmina</strong></span> <span class='ocrx_word' id='word_1_113' title='bbox 1288 972 1400 1007; x_wconf 90' lang='lat' dir='ltr'><strong>cordi.</strong></span> 
     </span>
    </p>

    <p class='ocr_par' dir='ltr' id='par_1_5' title="bbox 312 1023 1429 1224">
     <span class='ocr_line' id='line_1_16' title="bbox 312 1023 1429 1069; baseline 0.002 -13"><span class='ocrx_word' id='word_1_114' title='bbox 312 1023 410 1057; x_wconf 84' lang='lat'>1392</span> <span class='ocrx_word' id='word_1_115' title='bbox 438 1033 548 1068; x_wconf 88' lang='lat' dir='ltr'><strong>saepe</strong></span> <span class='ocrx_word' id='word_1_116' title='bbox 569 1024 693 1069; x_wconf 89' lang='lat' dir='ltr'><strong>itaque</strong></span> <span class='ocrx_word' id='word_1_117' title='bbox 716 1024 811 1059; x_wconf 87' lang='lat' dir='ltr'><strong>inter</strong></span> <span class='ocrx_word' id='word_1_118' title='bbox 833 1035 872 1059; x_wconf 87' lang='lat' dir='ltr'><strong>se</strong></span> <span class='ocrx_word' id='word_1_119' title='bbox 894 1024 1065 1069; x_wconf 78' lang='lat' dir='ltr'><strong>prostrati</strong></span> <span class='ocrx_word' id='word_1_120' title='bbox 1087 1025 1124 1059; x_wconf 92' lang='lat' dir='ltr'><strong>in</strong></span> <span class='ocrx_word' id='word_1_121' title='bbox 1148 1024 1308 1069; x_wconf 89' lang='lat' dir='ltr'><strong>gramine</strong></span> <span class='ocrx_word' id='word_1_122' title='bbox 1330 1024 1429 1059; x_wconf 91' lang='lat' dir='ltr'><strong>molli</strong></span> 
     </span>
     <span class='ocr_line' id='line_1_17' title="bbox 434 1075 1353 1120; baseline 0.002 -11"><span class='ocrx_word' id='word_1_123' title='bbox 434 1078 583 1120; x_wconf 89' lang='lat' dir='ltr'><strong>propter</strong></span> <span class='ocrx_word' id='word_1_124' title='bbox 604 1087 720 1120; x_wconf 89' lang='lat' dir='ltr'><strong>aquae</strong></span> <span class='ocrx_word' id='word_1_125' title='bbox 742 1075 855 1111; x_wconf 90' lang='lat' dir='ltr'><strong>rivom</strong></span> <span class='ocrx_word' id='word_1_126' title='bbox 877 1077 943 1111; x_wconf 91' lang='lat' dir='ltr'><strong>sub</strong></span> <span class='ocrx_word' id='word_1_127' title='bbox 965 1076 1075 1111; x_wconf 91' lang='lat' dir='ltr'><strong>ramis</strong></span> <span class='ocrx_word' id='word_1_128' title='bbox 1097 1076 1236 1111; x_wconf 90' lang='lat' dir='ltr'><strong>arboris</strong></span> <span class='ocrx_word' id='word_1_129' title='bbox 1258 1076 1353 1111; x_wconf 87' lang='lat' dir='ltr'><strong>altae</strong></span> 
     </span>
     <span class='ocr_line' id='line_1_18' title="bbox 434 1126 1381 1174; baseline 0.001 -13"><span class='ocrx_word' id='word_1_130' title='bbox 434 1137 505 1161; x_wconf 91' lang='lat' dir='ltr'><strong>non</strong></span> <span class='ocrx_word' id='word_1_131' title='bbox 529 1128 670 1172; x_wconf 86' lang='lat' dir='ltr'><strong>magnis</strong></span> <span class='ocrx_word' id='word_1_132' title='bbox 693 1126 820 1171; x_wconf 88' lang='lat' dir='ltr'><strong>opibus</strong></span> <span class='ocrx_word' id='word_1_133' title='bbox 842 1127 995 1163; x_wconf 89' lang='lat' dir='ltr'><strong>iucunde</strong></span> <span class='ocrx_word' id='word_1_134' title='bbox 1017 1138 1168 1172; x_wconf 90' lang='lat' dir='ltr'><strong>corpora</strong></span> <span class='ocrx_word' id='word_1_135' title='bbox 1189 1127 1381 1174; x_wconf 89' lang='lat' dir='ltr'><strong>habebant,</strong></span> 
     </span>
     <span class='ocr_line' id='line_1_19' title="bbox 434 1179 1294 1224; baseline 0 -10"><span class='ocrx_word' id='word_1_136' title='bbox 434 1179 645 1224; x_wconf 87' lang='lat' dir='ltr'><strong>praesertim</strong></span> <span class='ocrx_word' id='word_1_137' title='bbox 670 1190 749 1215; x_wconf 89' lang='lat' dir='ltr'><strong>cum</strong></span> <span class='ocrx_word' id='word_1_138' title='bbox 772 1182 967 1224; x_wconf 86' lang='lat' dir='ltr'><strong>tempestas</strong></span> <span class='ocrx_word' id='word_1_139' title='bbox 989 1179 1131 1216; x_wconf 86' lang='lat' dir='ltr'><strong>ridebat</strong></span> <span class='ocrx_word' id='word_1_140' title='bbox 1153 1182 1189 1215; x_wconf 91' lang='lat' dir='ltr'><strong>et</strong></span> <span class='ocrx_word' id='word_1_141' title='bbox 1211 1179 1294 1215; x_wconf 90' lang='lat' dir='ltr'><strong>anni</strong></span> 
     </span>
    </p>

    <p class='ocr_par' dir='ltr' id='par_1_6' title="bbox 311 1230 1406 1329">
     <span class='ocr_line' id='line_1_20' title="bbox 311 1230 1364 1276; baseline 0.002 -12"><span class='ocrx_word' id='word_1_142' title='bbox 311 1230 410 1264; x_wconf 87' lang='lat'>1396</span> <span class='ocrx_word' id='word_1_143' title='bbox 434 1234 597 1276; x_wconf 87' lang='lat' dir='ltr'><strong>tempora</strong></span> <span class='ocrx_word' id='word_1_144' title='bbox 618 1231 818 1276; x_wconf 87' lang='lat' dir='ltr'><strong>pingebant</strong></span> <span class='ocrx_word' id='word_1_145' title='bbox 840 1232 1031 1267; x_wconf 88' lang='lat' dir='ltr'><strong>viridantis</strong></span> <span class='ocrx_word' id='word_1_146' title='bbox 1053 1232 1199 1267; x_wconf 87' lang='lat' dir='ltr'><strong>floribus</strong></span> <span class='ocrx_word' id='word_1_147' title='bbox 1222 1232 1364 1267; x_wconf 86' lang='lat' dir='ltr'><strong>herbas.</strong></span> 
     </span>
     <span class='ocr_line' id='line_1_21' title="bbox 433 1282 1406 1329; baseline 0 -12"><span class='ocrx_word' id='word_1_148' title='bbox 433 1285 507 1317; x_wconf 91' lang='lat' dir='ltr'><strong>tum</strong></span> <span class='ocrx_word' id='word_1_149' title='bbox 529 1283 621 1329; x_wconf 87' lang='lat' dir='ltr'><strong>ioca,</strong></span> <span class='ocrx_word' id='word_1_150' title='bbox 644 1285 720 1317; x_wconf 93' lang='lat' dir='ltr'><strong>tum</strong></span> <span class='ocrx_word' id='word_1_151' title='bbox 743 1293 871 1329; x_wconf 84' lang='lat' dir='ltr'><strong>sermo,</strong></span> <span class='ocrx_word' id='word_1_152' title='bbox 896 1286 970 1318; x_wconf 91' lang='lat' dir='ltr'><strong>tum</strong></span> <span class='ocrx_word' id='word_1_153' title='bbox 994 1282 1117 1318; x_wconf 88' lang='lat' dir='ltr'><strong>dulces</strong></span> <span class='ocrx_word' id='word_1_154' title='bbox 1141 1293 1220 1318; x_wconf 88' lang='lat' dir='ltr'><strong>esse</strong></span> <span class='ocrx_word' id='word_1_155' title='bbox 1243 1282 1406 1318; x_wconf 86' lang='lat' dir='ltr'><strong>cachinni</strong></span> 
     </span>
    </p>
   </div>
   <div class='ocr_carea' id='block_1_4' title="bbox 359 1337 1564 1434">
    <p class='ocr_par' dir='ltr' id='par_1_7' title="bbox 359 1337 1564 1434">
     <span class='ocr_line' id='line_1_22' title="bbox 432 1337 1448 1370; baseline 0.004 -1"><span class='ocrx_word' id='word_1_156' title='bbox 432 1337 656 1370; x_wconf 84' lang='lat' dir='ltr'><strong>consuerant.</strong></span> <span class='ocrx_word' id='word_1_157' title='bbox 1442 1347 1448 1353; x_wconf 91' lang='lat'><strong>·</strong></span> 
     </span>
     <span class='ocr_line' id='line_1_23' title="bbox 359 1381 1564 1434; baseline 0.001 -14"><span class='ocrx_word' id='word_1_158' title='bbox 359 1381 444 1433; x_wconf 86' lang='lat' dir='ltr'><strong>(Gn.</strong></span> <span class='ocrx_word' id='word_1_159' title='bbox 470 1387 531 1433; x_wconf 82' lang='lat'><strong>76,</strong></span> <span class='ocrx_word' id='word_1_160' title='bbox 555 1386 622 1422; x_wconf 88' lang='grc' dir='ltr'><strong>Το.</strong></span> <span class='ocrx_word' id='word_1_161' title='bbox 647 1386 736 1433; x_wconf 86' lang='lat'>551,</span> <span class='ocrx_word' id='word_1_162' title='bbox 759 1387 820 1421; x_wconf 90' lang='lat' dir='ltr'><strong>Br.</strong></span> <span class='ocrx_word' id='word_1_163' title='bbox 842 1387 945 1422; x_wconf 89' lang='lat' dir='ltr'><strong>Burs.</strong></span> <span class='ocrx_word' id='word_1_164' title='bbox 968 1385 1135 1422; x_wconf 86' lang='lat' dir='ltr'><strong>Jahresb.</strong></span> <span class='ocrx_word' id='word_1_165' title='bbox 1163 1385 1379 1432; x_wconf 85' lang='lat'>1874—76‚</span> <span class='ocrx_word' id='word_1_166' title='bbox 1403 1386 1437 1420; x_wconf 94' lang='lat' dir='ltr'><strong>II</strong></span> <span class='ocrx_word' id='word_1_167' title='bbox 1462 1382 1564 1434; x_wconf 88' lang='lat'>187).</span> 
     </span>
    </p>
   </div>
   <div class='ocr_carea' id='block_1_5' title="bbox 248 1446 1626 2223">
    <p class='ocr_par' dir='ltr' id='par_1_8' title="bbox 248 1446 1626 2108">
     <span class='ocr_line' id='line_1_24' title="bbox 252 1446 1626 1493; baseline 0.001 -12"><span class='ocrx_word' id='word_1_168' title='bbox 252 1446 319 1481; x_wconf 88' lang='lat' dir='ltr'><strong>His</strong></span> <span class='ocrx_word' id='word_1_169' title='bbox 354 1449 519 1484; x_wconf 89' lang='lat' dir='ltr'><strong>versibus</strong></span> <span class='ocrx_word' id='word_1_170' title='bbox 560 1448 596 1483; x_wconf 92' lang='lat' dir='ltr'><strong>in</strong></span> <span class='ocrx_word' id='word_1_171' title='bbox 632 1449 655 1485; x_wconf 91' lang='lat' dir='ltr'><strong>l.</strong></span> <span class='ocrx_word' id='word_1_172' title='bbox 692 1449 727 1483; x_wconf 90' lang='grc' dir='ltr'>Π</span> <span class='ocrx_word' id='word_1_173' title='bbox 769 1449 916 1484; x_wconf 88' lang='lat' dir='ltr'><strong>mutatis</strong></span> <span class='ocrx_word' id='word_1_174' title='bbox 950 1449 1140 1484; x_wconf 88' lang='lat' dir='ltr'><strong>verborum</strong></span> <span class='ocrx_word' id='word_1_175' title='bbox 1175 1447 1394 1493; x_wconf 87' lang='lat' dir='ltr'><strong>temporibus</strong></span> <span class='ocrx_word' id='word_1_176' title='bbox 1428 1458 1555 1484; x_wconf 87' lang='lat' dir='ltr'><strong>aevum</strong></span> <span class='ocrx_word' id='word_1_177' title='bbox 1589 1448 1626 1484; x_wconf 91' lang='lat' dir='ltr'><strong>in</strong></span> 
     </span>
     <span class='ocr_line' id='line_1_25' title="bbox 252 1500 1625 1547; baseline 0.001 -13"><span class='ocrx_word' id='word_1_178' title='bbox 252 1510 354 1534; x_wconf 87' lang='lat' dir='ltr'><strong>usum</strong></span> <span class='ocrx_word' id='word_1_179' title='bbox 386 1511 504 1545; x_wconf 89' lang='lat' dir='ltr'><strong>pauca</strong></span> <span class='ocrx_word' id='word_1_180' title='bbox 534 1511 684 1545; x_wconf 88' lang='lat' dir='ltr'><strong>poscere</strong></span> <span class='ocrx_word' id='word_1_181' title='bbox 715 1502 899 1547; x_wconf 87' lang='lat' dir='ltr'><strong>probatur,</strong></span> <span class='ocrx_word' id='word_1_182' title='bbox 932 1501 969 1536; x_wconf 92' lang='lat' dir='ltr'><strong>in</strong></span> <span class='ocrx_word' id='word_1_183' title='bbox 991 1502 1015 1536; x_wconf 88' lang='lat' dir='ltr'><strong>l.</strong></span> <span class='ocrx_word' id='word_1_184' title='bbox 1040 1502 1081 1536; x_wconf 88' lang='lat' dir='ltr'><strong>V.</strong></span> <span class='ocrx_word' id='word_1_185' title='bbox 1106 1500 1314 1545; x_wconf 89' lang='lat' dir='ltr'><strong>depingitur</strong></span> <span class='ocrx_word' id='word_1_186' title='bbox 1334 1500 1410 1535; x_wconf 89' lang='lat' dir='ltr'><strong>vita</strong></span> <span class='ocrx_word' id='word_1_187' title='bbox 1431 1500 1625 1544; x_wconf 90' lang='lat' dir='ltr'><strong>primorum</strong></span> 
     </span>
     <span class='ocr_line' id='line_1_26' title="bbox 252 1551 1625 1599; baseline 0.001 -14"><span class='ocrx_word' id='word_1_188' title='bbox 252 1551 445 1587; x_wconf 90' lang='lat' dir='ltr'><strong>hominum.</strong></span> <span class='ocrx_word' id='word_1_189' title='bbox 501 1553 633 1587; x_wconf 85' lang='lat' dir='ltr'><strong>Tentat</strong></span> <span class='ocrx_word' id='word_1_190' title='bbox 653 1556 774 1587; x_wconf 91' lang='lat' dir='ltr'><strong>autem</strong></span> <span class='ocrx_word' id='word_1_191' title='bbox 797 1563 858 1587; x_wconf 88' lang='lat' dir='ltr'><strong>eos</strong></span> <span class='ocrx_word' id='word_1_192' title='bbox 880 1553 918 1587; x_wconf 91' lang='lat' dir='ltr'><strong>in</strong></span> <span class='ocrx_word' id='word_1_193' title='bbox 940 1553 963 1587; x_wconf 92' lang='lat' dir='ltr'><strong>l.</strong></span> <span class='ocrx_word' id='word_1_194' title='bbox 988 1553 1019 1587; x_wconf 94' lang='lat' dir='ltr'>V</span> <span class='ocrx_word' id='word_1_195' title='bbox 1041 1552 1273 1587; x_wconf 87' lang='lat' dir='ltr'><strong>Neumannus</strong></span> <span class='ocrx_word' id='word_1_196' title='bbox 1295 1553 1318 1586; x_wconf 92' lang='lat' dir='ltr'><strong>l.</strong></span> <span class='ocrx_word' id='word_1_197' title='bbox 1342 1552 1366 1586; x_wconf 90' lang='lat' dir='ltr'><strong>l.</strong></span> <span class='ocrx_word' id='word_1_198' title='bbox 1395 1562 1479 1596; x_wconf 86' lang='lat' dir='ltr'><strong>pag.</strong></span> <span class='ocrx_word' id='word_1_199' title='bbox 1503 1553 1564 1587; x_wconf 85' lang='lat'><strong>22.</strong></span> <span class='ocrx_word' id='word_1_200' title='bbox 1589 1553 1625 1599; x_wconf 88' lang='lat'><strong>3,</strong></span> 
     </span>
     <span class='ocr_line' id='line_1_27' title="bbox 252 1603 1624 1651; baseline 0.001 -13"><span class='ocrx_word' id='word_1_201' title='bbox 252 1603 310 1638; x_wconf 91' lang='lat' dir='ltr'><strong>cui</strong></span> <span class='ocrx_word' id='word_1_202' title='bbox 334 1603 403 1639; x_wconf 86' lang='lat' dir='ltr'><strong>Gn.</strong></span> <span class='ocrx_word' id='word_1_203' title='bbox 425 1606 461 1639; x_wconf 91' lang='lat' dir='ltr'><strong>et</strong></span> <span class='ocrx_word' id='word_1_204' title='bbox 480 1604 547 1640; x_wconf 87' lang='lat' dir='ltr'><strong>To.</strong></span> <span class='ocrx_word' id='word_1_205' title='bbox 571 1604 827 1651; x_wconf 88' lang='lat' dir='ltr'><strong>assentiuntur,</strong></span> <span class='ocrx_word' id='word_1_206' title='bbox 857 1615 936 1639; x_wconf 91' lang='lat' dir='ltr'><strong>cum</strong></span> <span class='ocrx_word' id='word_1_207' title='bbox 961 1604 1030 1639; x_wconf 92' lang='lat' dir='ltr'><strong>hac</strong></span> <span class='ocrx_word' id='word_1_208' title='bbox 1049 1603 1126 1639; x_wconf 87' lang='lat' dir='ltr'><strong>fere</strong></span> <span class='ocrx_word' id='word_1_209' title='bbox 1144 1603 1280 1638; x_wconf 84' lang='lat' dir='ltr'><strong>nitatur</strong></span> <span class='ocrx_word' id='word_1_210' title='bbox 1295 1603 1624 1648; x_wconf 87' lang='lat' dir='ltr'><strong>argumentatione:</strong></span> 
     </span>
     <span class='ocr_line' id='line_1_28' title="bbox 254 1653 1624 1705; baseline 0.001 -15"><span class='ocrx_word' id='word_1_211' title='bbox 254 1656 436 1702; x_wconf 88' lang='lat' dir='ltr'><strong>„Iucunde</strong></span> <span class='ocrx_word' id='word_1_212' title='bbox 460 1667 589 1701; x_wconf 84' lang='lat' dir='ltr'><strong>corpus</strong></span> <span class='ocrx_word' id='word_1_213' title='bbox 610 1654 770 1692; x_wconf 83' lang='lat' dir='ltr'><strong>habere“</strong></span> <span class='ocrx_word' id='word_1_214' title='bbox 788 1653 924 1705; x_wconf 88' lang='lat'>(1394)</span> <span class='ocrx_word' id='word_1_215' title='bbox 938 1656 1118 1701; x_wconf 90' lang='lat' dir='ltr'><strong>significat</strong></span> <span class='ocrx_word' id='word_1_216' title='bbox 1140 1655 1246 1702; x_wconf 85' lang='lat' dir='ltr'><strong>„cibo</strong></span> <span class='ocrx_word' id='word_1_217' title='bbox 1268 1666 1397 1699; x_wconf 88' lang='lat' dir='ltr'><strong>corpus</strong></span> <span class='ocrx_word' id='word_1_218' title='bbox 1416 1655 1624 1702; x_wconf 86' lang='lat' dir='ltr'><strong>recreare“;</strong></span> 
     </span>
     <span class='ocr_line' id='line_1_29' title="bbox 252 1705 1625 1757; baseline 0.001 -14"><span class='ocrx_word' id='word_1_219' title='bbox 252 1708 316 1743; x_wconf 88' lang='lat' dir='ltr'><strong>sed</strong></span> <span class='ocrx_word' id='word_1_220' title='bbox 336 1719 414 1743; x_wconf 90' lang='lat' dir='ltr'><strong>cum</strong></span> <span class='ocrx_word' id='word_1_221' title='bbox 433 1711 541 1744; x_wconf 89' lang='lat' dir='ltr'><strong>antea</strong></span> <span class='ocrx_word' id='word_1_222' title='bbox 560 1705 694 1757; x_wconf 90' lang='lat'>(1391)</span> <span class='ocrx_word' id='word_1_223' title='bbox 710 1708 843 1743; x_wconf 83' lang='lat' dir='ltr'><strong>dixerit</strong></span> <span class='ocrx_word' id='word_1_224' title='bbox 858 1708 964 1743; x_wconf 89' lang='lat' dir='ltr'><strong>Lucr.</strong></span> <span class='ocrx_word' id='word_1_225' title='bbox 988 1708 1150 1743; x_wconf 86' lang='lat' dir='ltr'><strong>homines</strong></span> <span class='ocrx_word' id='word_1_226' title='bbox 1172 1707 1253 1742; x_wconf 86' lang='lat' dir='ltr'><strong>illos</strong></span> <span class='ocrx_word' id='word_1_227' title='bbox 1275 1710 1437 1752; x_wconf 85' lang='lat' dir='ltr'><strong>agrestes</strong></span> <span class='ocrx_word' id='word_1_228' title='bbox 1460 1710 1625 1744; x_wconf 83' lang='lat' dir='ltr'><strong>cantasse</strong></span> 
     </span>
     <span class='ocr_line' id='line_1_30' title="bbox 251 1759 1625 1807; baseline 0 -12"><span class='ocrx_word' id='word_1_229' title='bbox 251 1771 331 1795; x_wconf 90' lang='lat' dir='ltr'><strong>cum</strong></span> <span class='ocrx_word' id='word_1_230' title='bbox 354 1761 467 1796; x_wconf 89' lang='lat' dir='ltr'><strong>saturi</strong></span> <span class='ocrx_word' id='word_1_231' title='bbox 490 1764 623 1807; x_wconf 88' lang='lat' dir='ltr'><strong>essent,</strong></span> <span class='ocrx_word' id='word_1_232' title='bbox 649 1772 710 1796; x_wconf 90' lang='lat' dir='ltr'><strong>eos</strong></span> <span class='ocrx_word' id='word_1_233' title='bbox 733 1772 791 1795; x_wconf 93' lang='lat' dir='ltr'><strong>vv.</strong></span> <span class='ocrx_word' id='word_1_234' title='bbox 819 1760 1022 1795; x_wconf 85' lang='lat'>1392—96</span> <span class='ocrx_word' id='word_1_235' title='bbox 1048 1761 1164 1795; x_wconf 87' lang='lat' dir='ltr'><strong>denuo</strong></span> <span class='ocrx_word' id='word_1_236' title='bbox 1187 1762 1378 1795; x_wconf 86' lang='lat' dir='ltr'><strong>coenantes</strong></span> <span class='ocrx_word' id='word_1_237' title='bbox 1401 1759 1499 1795; x_wconf 89' lang='lat' dir='ltr'><strong>facit.</strong></span> <span class='ocrx_word' id='word_1_238' title='bbox 1547 1760 1625 1796; x_wconf 90' lang='lat' dir='ltr'><strong>Hoc</strong></span> 
     </span>
     <span class='ocr_line' id='line_1_31' title="bbox 250 1811 1624 1857; baseline -0.001 -10"><span class='ocrx_word' id='word_1_239' title='bbox 250 1813 429 1857; x_wconf 89' lang='lat' dir='ltr'><strong>ingratum</strong></span> <span class='ocrx_word' id='word_1_240' title='bbox 453 1816 519 1848; x_wconf 87' lang='lat' dir='ltr'><strong>est.</strong></span> <span class='ocrx_word' id='word_1_241' title='bbox 573 1813 622 1847; x_wconf 91' lang='lat' dir='ltr'><strong>At</strong></span> <span class='ocrx_word' id='word_1_242' title='bbox 638 1813 680 1855; x_wconf 43' lang='lat' dir='ltr'><strong>,in</strong></span> <span class='ocrx_word' id='word_1_243' title='bbox 702 1813 823 1848; x_wconf 90' lang='lat' dir='ltr'><strong>verbis</strong></span> <span class='ocrx_word' id='word_1_244' title='bbox 845 1812 932 1857; x_wconf 89' lang='lat' dir='ltr'><strong>ipsis</strong></span> <span class='ocrx_word' id='word_1_245' title='bbox 955 1811 1043 1847; x_wconf 89' lang='lat' dir='ltr'><strong>nihil</strong></span> <span class='ocrx_word' id='word_1_246' title='bbox 1067 1812 1111 1847; x_wconf 89' lang='lat' dir='ltr'><strong>de</strong></span> <span class='ocrx_word' id='word_1_247' title='bbox 1134 1821 1258 1846; x_wconf 85' lang='lat' dir='ltr'><strong>coena.</strong></span> <span class='ocrx_word' id='word_1_248' title='bbox 1315 1811 1352 1846; x_wconf 90' lang='lat' dir='ltr'><strong>Si</strong></span> <span class='ocrx_word' id='word_1_249' title='bbox 1374 1822 1459 1846; x_wconf 87' lang='lat' dir='ltr'><strong>vero</strong></span> <span class='ocrx_word' id='word_1_250' title='bbox 1484 1811 1521 1846; x_wconf 89' lang='lat' dir='ltr'><strong>in</strong></span> <span class='ocrx_word' id='word_1_251' title='bbox 1543 1813 1566 1847; x_wconf 95' lang='lat' dir='ltr'><strong>l.</strong></span> <span class='ocrx_word' id='word_1_252' title='bbox 1589 1812 1624 1846; x_wconf 86' lang='lat'>11</span> 
     </span>
     <span class='ocr_line' id='line_1_32' title="bbox 250 1863 1625 1912; baseline -0.001 -12"><span class='ocrx_word' id='word_1_253' title='bbox 250 1875 293 1900; x_wconf 91' lang='lat' dir='ltr'><strong>eo</strong></span> <span class='ocrx_word' id='word_1_254' title='bbox 328 1864 554 1912; x_wconf 81' lang='lat' dir='ltr'><strong>pertineant,</strong></span> <span class='ocrx_word' id='word_1_255' title='bbox 587 1867 707 1900; x_wconf 84' lang='lat' dir='ltr'><strong>tamen</strong></span> <span class='ocrx_word' id='word_1_256' title='bbox 738 1864 774 1899; x_wconf 90' lang='lat' dir='ltr'><strong>in</strong></span> <span class='ocrx_word' id='word_1_257' title='bbox 806 1865 829 1899; x_wconf 92' lang='lat' dir='ltr'><strong>l.</strong></span> <span class='ocrx_word' id='word_1_258' title='bbox 862 1864 892 1899; x_wconf 95' lang='lat' dir='ltr'>V</span> <span class='ocrx_word' id='word_1_259' title='bbox 930 1864 980 1899; x_wconf 93' lang='lat' dir='ltr'><strong>eis</strong></span> <span class='ocrx_word' id='word_1_260' title='bbox 1010 1864 1082 1899; x_wconf 86' lang='lat' dir='ltr'><strong>alia</strong></span> <span class='ocrx_word' id='word_1_261' title='bbox 1119 1863 1298 1898; x_wconf 84' lang='lat' dir='ltr'><strong>sententia</strong></span> <span class='ocrx_word' id='word_1_262' title='bbox 1329 1863 1477 1899; x_wconf 88' lang='lat' dir='ltr'><strong>subesse</strong></span> <span class='ocrx_word' id='word_1_263' title='bbox 1511 1864 1625 1908; x_wconf 86' lang='lat' dir='ltr'><strong>possit</strong></span> 
     </span>
     <span class='ocr_line' id='line_1_33' title="bbox 249 1913 1623 1966; baseline -0.001 -14"><span class='ocrx_word' id='word_1_264' title='bbox 249 1913 311 1964; x_wconf 85' lang='lat' dir='ltr'><strong>(cf.</strong></span> <span class='ocrx_word' id='word_1_265' title='bbox 342 1928 403 1962; x_wconf 90' lang='lat' dir='ltr'><strong>pg.</strong></span> <span class='ocrx_word' id='word_1_266' title='bbox 438 1913 514 1966; x_wconf 88' lang='grc'><strong>12).</strong></span> <span class='ocrx_word' id='word_1_267' title='bbox 590 1917 717 1961; x_wconf 86' lang='lat' dir='ltr'><strong>Itaque</strong></span> <span class='ocrx_word' id='word_1_268' title='bbox 756 1916 973 1961; x_wconf 86' lang='lat' dir='ltr'><strong>interpretor</strong></span> <span class='ocrx_word' id='word_1_269' title='bbox 1014 1914 1191 1963; x_wconf 82' lang='lat' dir='ltr'><strong>„iucunde</strong></span> <span class='ocrx_word' id='word_1_270' title='bbox 1222 1925 1351 1960; x_wconf 87' lang='lat' dir='ltr'><strong>corpus</strong></span> <span class='ocrx_word' id='word_1_271' title='bbox 1382 1914 1541 1951; x_wconf 85' lang='lat' dir='ltr'><strong>habere“</strong></span> <span class='ocrx_word' id='word_1_272' title='bbox 1573 1936 1623 1941; x_wconf 83' lang='lat'><strong>-—</strong></span> 
     </span>
     <span class='ocr_line' id='line_1_34' title="bbox 250 1965 1623 2015; baseline -0.001 -11"><span class='ocrx_word' id='word_1_273' title='bbox 250 1968 473 2014; x_wconf 88' lang='lat' dir='ltr'><strong>eundemque</strong></span> <span class='ocrx_word' id='word_1_274' title='bbox 508 1969 544 2004; x_wconf 94' lang='lat' dir='ltr'><strong>in</strong></span> <span class='ocrx_word' id='word_1_275' title='bbox 581 1968 723 2004; x_wconf 86' lang='lat' dir='ltr'><strong>modum</strong></span> <span class='ocrx_word' id='word_1_276' title='bbox 759 1968 937 2014; x_wconf 85' lang='lat' dir='ltr'><strong>„iucunde</strong></span> <span class='ocrx_word' id='word_1_277' title='bbox 969 1977 1098 2012; x_wconf 87' lang='lat' dir='ltr'><strong>corpus</strong></span> <span class='ocrx_word' id='word_1_278' title='bbox 1130 1965 1280 2002; x_wconf 88' lang='lat' dir='ltr'><strong>curare“</strong></span> <span class='ocrx_word' id='word_1_279' title='bbox 1317 1967 1353 2001; x_wconf 93' lang='grc' dir='ltr'>Π</span> <span class='ocrx_word' id='word_1_280' title='bbox 1375 1967 1422 2001; x_wconf 90' lang='grc'><strong>31</strong></span> <span class='ocrx_word' id='word_1_281' title='bbox 1447 1988 1497 1992; x_wconf 90' lang='grc'>-</span> <span class='ocrx_word' id='word_1_282' title='bbox 1521 1967 1623 2015; x_wconf 84' lang='lat' dir='ltr'><strong>„sich</strong></span> 
     </span>
     <span class='ocr_line' id='line_1_35' title="bbox 248 2018 1623 2069; baseline -0.001 -14"><span class='ocrx_word' id='word_1_283' title='bbox 248 2019 343 2055; x_wconf 88' lang='lat' dir='ltr'><strong>wohl</strong></span> <span class='ocrx_word' id='word_1_284' title='bbox 373 2019 517 2067; x_wconf 73' lang='lat' dir='ltr'><strong>fiihlen,</strong></span> <span class='ocrx_word' id='word_1_285' title='bbox 549 2020 628 2055; x_wconf 87' lang='lat' dir='ltr'><strong>sich</strong></span> <span class='ocrx_word' id='word_1_286' title='bbox 659 2019 797 2065; x_wconf 86' lang='lat' dir='ltr'><strong>giitlich</strong></span> <span class='ocrx_word' id='word_1_287' title='bbox 826 2019 940 2055; x_wconf 88' lang='lat' dir='ltr'><strong>thun“</strong></span> <span class='ocrx_word' id='word_1_288' title='bbox 959 2018 1007 2069; x_wconf 88' lang='lat'><strong>¹);</strong></span> <span class='ocrx_word' id='word_1_289' title='bbox 1044 2029 1160 2064; x_wconf 90' lang='lat' dir='ltr'><strong>neque</strong></span> <span class='ocrx_word' id='word_1_290' title='bbox 1195 2018 1305 2063; x_wconf 85' lang='lat' dir='ltr'><strong>igitur</strong></span> <span class='ocrx_word' id='word_1_291' title='bbox 1338 2018 1394 2054; x_wconf 88' lang='lat' dir='ltr'><strong>bis</strong></span> <span class='ocrx_word' id='word_1_292' title='bbox 1429 2019 1474 2054; x_wconf 89' lang='lat' dir='ltr'><strong>de</strong></span> <span class='ocrx_word' id='word_1_293' title='bbox 1510 2030 1623 2054; x_wconf 86' lang='lat' dir='ltr'><strong>coena</strong></span> 
     </span>
     <span class='ocr_line' id='line_1_36' title="bbox 249 2072 391 2108; baseline 0 -1"><span class='ocrx_word' id='word_1_294' title='bbox 249 2072 391 2108; x_wconf 88' lang='lat' dir='ltr'><strong>dicitur.</strong></span> 
     </span>
    </p>

    <p class='ocr_par' dir='ltr' id='par_1_9' title="bbox 249 2123 1623 2223">
     <span class='ocr_line' id='line_1_37' title="bbox 353 2123 1623 2170; baseline 0 -11"><span class='ocrx_word' id='word_1_295' title='bbox 353 2125 467 2160; x_wconf 91' lang='lat' dir='ltr'><strong>Porro</strong></span> <span class='ocrx_word' id='word_1_296' title='bbox 497 2124 729 2159; x_wconf 90' lang='lat' dir='ltr'><strong>Neumannus</strong></span> <span class='ocrx_word' id='word_1_297' title='bbox 760 2123 887 2159; x_wconf 88' lang='lat' dir='ltr'><strong>haeret</strong></span> <span class='ocrx_word' id='word_1_298' title='bbox 916 2123 953 2158; x_wconf 91' lang='lat' dir='ltr'><strong>in</strong></span> <span class='ocrx_word' id='word_1_299' title='bbox 984 2123 1104 2158; x_wconf 87' lang='lat' dir='ltr'><strong>verbis</strong></span> <span class='ocrx_word' id='word_1_300' title='bbox 1136 2134 1254 2170; x_wconf 87' lang='lat' dir='ltr'><strong>„non</strong></span> <span class='ocrx_word' id='word_1_301' title='bbox 1284 2123 1465 2168; x_wconf 88' lang='lat' dir='ltr'><strong>magnis</strong></span> <span class='ocrx_word' id='word_1_302' title='bbox 1496 2123 1623 2168; x_wconf 87' lang='lat' dir='ltr'><strong>opibus</strong></span> 
     </span>
     <span class='ocr_line' id='line_1_38' title="bbox 249 2175 1622 2223; baseline -0.001 -10"><span class='ocrx_word' id='word_1_303' title='bbox 249 2177 403 2213; x_wconf 88' lang='lat' dir='ltr'><strong>iucunde</strong></span> <span class='ocrx_word' id='word_1_304' title='bbox 436 2188 588 2222; x_wconf 87' lang='lat' dir='ltr'><strong>corpora</strong></span> <span class='ocrx_word' id='word_1_305' title='bbox 616 2175 837 2223; x_wconf 85' lang='lat' dir='ltr'><strong>habebant“,</strong></span> <span class='ocrx_word' id='word_1_306' title='bbox 870 2176 1037 2221; x_wconf 86' lang='lat' dir='ltr'><strong>quoniam</strong></span> <span class='ocrx_word' id='word_1_307' title='bbox 1069 2175 1140 2211; x_wconf 87' lang='lat' dir='ltr'><strong>illis</strong></span> <span class='ocrx_word' id='word_1_308' title='bbox 1170 2175 1372 2211; x_wconf 88' lang='lat' dir='ltr'><strong>hominibus</strong></span> <span class='ocrx_word' id='word_1_309' title='bbox 1394 2175 1512 2211; x_wconf 88' lang='lat' dir='ltr'><strong>nullae</strong></span> <span class='ocrx_word' id='word_1_310' title='bbox 1535 2187 1622 2221; x_wconf 87' lang='lat' dir='ltr'><strong>opes</strong></span> 
     </span>
    </p>
   </div>
   <div class='ocr_carea' id='block_1_6' title="bbox 248 2270 487 2275">
    <p class='ocr_par' dir='ltr' id='par_1_10' title="bbox 248 2270 487 2275">
     <span class='ocr_line' id='line_1_39' title="bbox 248 2270 487 2275; baseline 0 0"><span class='ocrx_word' id='word_1_311' title='bbox 248 2270 487 2275; x_wconf 95' lang='lat' dir='ltr'><strong> </strong></span> 
     </span>
    </p>
   </div>
   <div class='ocr_carea' id='block_1_7' title="bbox 249 2317 1623 2609">
    <p class='ocr_par' dir='ltr' id='par_1_11' title="bbox 357 2317 1623 2441">
     <span class='ocr_line' id='line_1_40' title="bbox 357 2317 1620 2362; baseline 0 -11"><span class='ocrx_word' id='word_1_312' title='bbox 357 2321 391 2362; x_wconf 94' lang='lat'>1)</span> <span class='ocrx_word' id='word_1_313' title='bbox 413 2319 452 2353; x_wconf 85' lang='lat' dir='ltr'><strong>cf.</strong></span> <span class='ocrx_word' id='word_1_314' title='bbox 466 2319 543 2352; x_wconf 91' lang='lat' dir='ltr'><strong>Hor.</strong></span> <span class='ocrx_word' id='word_1_315' title='bbox 556 2327 606 2360; x_wconf 89' lang='lat' dir='ltr'><strong>ep.</strong></span> <span class='ocrx_word' id='word_1_316' title='bbox 630 2318 645 2350; x_wconf 96' lang='lat' dir='ltr'>I</span> <span class='ocrx_word' id='word_1_317' title='bbox 657 2319 687 2358; x_wconf 82' lang='lat'><strong>2,</strong></span> <span class='ocrx_word' id='word_1_318' title='bbox 700 2318 741 2350; x_wconf 81' lang='lat'><strong>29</strong></span> <span class='ocrx_word' id='word_1_319' title='bbox 755 2317 789 2350; x_wconf 93' lang='lat' dir='ltr'><strong>in</strong></span> <span class='ocrx_word' id='word_1_320' title='bbox 804 2319 872 2350; x_wconf 91' lang='lat' dir='ltr'><strong>cut</strong></span> <span class='ocrx_word' id='word_1_321' title='bbox 880 2327 898 2350; x_wconf 92' lang='lat' dir='ltr'><strong>e</strong></span> <span class='ocrx_word' id='word_1_322' title='bbox 916 2327 933 2350; x_wconf 91' lang='lat' dir='ltr'><strong>c</strong></span> <span class='ocrx_word' id='word_1_323' title='bbox 941 2327 987 2349; x_wconf 92' lang='lat' dir='ltr'><strong>ur</strong></span> <span class='ocrx_word' id='word_1_324' title='bbox 995 2327 1043 2350; x_wconf 88' lang='lat' dir='ltr'><strong>an</strong></span> <span class='ocrx_word' id='word_1_325' title='bbox 1051 2317 1071 2350; x_wconf 91' lang='lat' dir='ltr'><strong>d</strong></span> <span class='ocrx_word' id='word_1_326' title='bbox 1079 2327 1099 2350; x_wconf 86' lang='lat' dir='ltr'><strong>a</strong></span> <span class='ocrx_word' id='word_1_327' title='bbox 1114 2318 1187 2359; x_wconf 85' lang='lat' dir='ltr'><strong>plus</strong></span> <span class='ocrx_word' id='word_1_328' title='bbox 1200 2327 1302 2358; x_wconf 86' lang='lat' dir='ltr'><strong>aequo</strong></span> <span class='ocrx_word' id='word_1_329' title='bbox 1314 2320 1449 2359; x_wconf 83' lang='lat' dir='ltr'><strong>operata</strong></span> <span class='ocrx_word' id='word_1_330' title='bbox 1459 2317 1620 2358; x_wconf 89' lang='lat' dir='ltr'><strong>inventus,</strong></span> 
     </span>
     <span class='ocr_line' id='line_1_41' title="bbox 756 2359 1623 2399; baseline 0.001 -8"><span class='ocrx_word' id='word_1_331' title='bbox 756 2359 809 2391; x_wconf 86' lang='lat' dir='ltr'><strong>cui</strong></span> <span class='ocrx_word' id='word_1_332' title='bbox 829 2359 998 2399; x_wconf 83' lang='lat' dir='ltr'><strong>pulchrum</strong></span> <span class='ocrx_word' id='word_1_333' title='bbox 1013 2359 1132 2391; x_wconf 82' lang='lat' dir='ltr'><strong>fuit—in</strong></span> <span class='ocrx_word' id='word_1_334' title='bbox 1149 2359 1273 2391; x_wconf 86' lang='lat' dir='ltr'><strong>medios</strong></span> <span class='ocrx_word' id='word_1_335' title='bbox 1295 2359 1475 2391; x_wconf 89' lang='lat' dir='ltr'><strong>dormire</strong></span> <span class='ocrx_word' id='word_1_336' title='bbox 1497 2359 1566 2391; x_wconf 86' lang='lat' dir='ltr'><strong>dies</strong></span> <span class='ocrx_word' id='word_1_337' title='bbox 1587 2363 1623 2392; x_wconf 88' lang='lat' dir='ltr'><strong>et</strong></span> 
     </span>
     <span class='ocr_line' id='line_1_42' title="bbox 756 2400 1619 2441; baseline 0.002 -9"><span class='ocrx_word' id='word_1_338' title='bbox 756 2400 798 2432; x_wconf 89' lang='lat' dir='ltr'><strong>ad</strong></span> <span class='ocrx_word' id='word_1_339' title='bbox 809 2400 982 2441; x_wconf 84' lang='lat' dir='ltr'><strong>strepitum</strong></span> <span class='ocrx_word' id='word_1_340' title='bbox 994 2400 1136 2433; x_wconf 83' lang='lat' dir='ltr'><strong>citharae</strong></span> <span class='ocrx_word' id='word_1_341' title='bbox 1149 2404 1309 2433; x_wconf 85' lang='lat' dir='ltr'><strong>cessatum</strong></span> <span class='ocrx_word' id='word_1_342' title='bbox 1321 2400 1469 2433; x_wconf 75' lang='lat' dir='ltr'><strong>ducere</strong></span> <span class='ocrx_word' id='word_1_343' title='bbox 1481 2410 1619 2434; x_wconf 88' lang='lat' dir='ltr'><strong>curam.</strong></span> 
     </span>
    </p>

    <p class='ocr_par' dir='ltr' id='par_1_12' title="bbox 634 2441 1619 2484">
     <span class='ocr_line' id='line_1_43' title="bbox 634 2441 1619 2484; baseline 0.002 -10"><span class='ocrx_word' id='word_1_344' title='bbox 634 2442 650 2474; x_wconf 94' lang='lat' dir='ltr'>I</span> <span class='ocrx_word' id='word_1_345' title='bbox 661 2441 691 2482; x_wconf 87' lang='grc'><strong>4,</strong></span> <span class='ocrx_word' id='word_1_346' title='bbox 705 2441 745 2475; x_wconf 87' lang='lat'>15</span> <span class='ocrx_word' id='word_1_347' title='bbox 758 2451 810 2475; x_wconf 92' lang='lat' dir='ltr'><strong>me</strong></span> <span class='ocrx_word' id='word_1_348' title='bbox 821 2442 975 2484; x_wconf 82' lang='lat' dir='ltr'><strong>pinguem</strong></span> <span class='ocrx_word' id='word_1_349' title='bbox 986 2444 1021 2475; x_wconf 90' lang='lat' dir='ltr'><strong>et</strong></span> <span class='ocrx_word' id='word_1_350' title='bbox 1031 2442 1169 2476; x_wconf 90' lang='lat' dir='ltr'><strong>nitidum</strong></span> <span class='ocrx_word' id='word_1_351' title='bbox 1180 2442 1265 2475; x_wconf 87' lang='lat' dir='ltr'><strong>bene</strong></span> <span class='ocrx_word' id='word_1_352' title='bbox 1278 2444 1418 2476; x_wconf 87' lang='lat' dir='ltr'><strong>curata</strong></span> <span class='ocrx_word' id='word_1_353' title='bbox 1428 2446 1517 2476; x_wconf 83' lang='lat' dir='ltr'><strong>cute</strong></span> <span class='ocrx_word' id='word_1_354' title='bbox 1528 2443 1619 2477; x_wconf 85' lang='lat' dir='ltr'><strong>vises.</strong></span> 
     </span>
    </p>

    <p class='ocr_par' dir='ltr' id='par_1_13' title="bbox 538 2484 1618 2525">
     <span class='ocr_line' id='line_1_44' title="bbox 538 2484 1618 2525; baseline 0.002 -9"><span class='ocrx_word' id='word_1_355' title='bbox 538 2487 596 2517; x_wconf 87' lang='lat' dir='ltr'><strong>sat.</strong></span> <span class='ocrx_word' id='word_1_356' title='bbox 620 2484 652 2516; x_wconf 92' lang='lat'><strong>11</strong></span> <span class='ocrx_word' id='word_1_357' title='bbox 664 2484 693 2523; x_wconf 84' lang='lat'><strong>5,</strong></span> <span class='ocrx_word' id='word_1_358' title='bbox 705 2484 747 2516; x_wconf 86' lang='lat'><strong>38</strong></span> <span class='ocrx_word' id='word_1_359' title='bbox 760 2484 809 2516; x_wconf 91' lang='lat' dir='ltr'><strong>ire</strong></span> <span class='ocrx_word' id='word_1_360' title='bbox 831 2485 959 2516; x_wconf 91' lang='lat' dir='ltr'><strong>domum</strong></span> <span class='ocrx_word' id='word_1_361' title='bbox 981 2487 1079 2525; x_wconf 87' lang='lat' dir='ltr'><strong>atque</strong></span> <span class='ocrx_word' id='word_1_362' title='bbox 1093 2485 1097 2525; x_wconf 76' lang='grc' dir='ltr'>Ι</span> <span class='ocrx_word' id='word_1_363' title='bbox 1111 2494 1132 2525; x_wconf 90' lang='lat' dir='ltr'><strong>p</strong></span> <span class='ocrx_word' id='word_1_364' title='bbox 1142 2485 1354 2517; x_wconf 87' lang='lat' dir='ltr'><strong>elliculam</strong></span> <span class='ocrx_word' id='word_1_365' title='bbox 1366 2494 1513 2516; x_wconf 82' lang='lat' dir='ltr'><strong>curare</strong></span> <span class='ocrx_word' id='word_1_366' title='bbox 1534 2486 1618 2519; x_wconf 87' lang='lat' dir='ltr'><strong>iube.</strong></span> 
     </span>
    </p>

    <p class='ocr_par' dir='ltr' id='par_1_14' title="bbox 249 2526 1621 2609">
     <span class='ocr_line' id='line_1_45' title="bbox 251 2526 1621 2571; baseline 0.001 -12"><span class='ocrx_word' id='word_1_367' title='bbox 251 2528 294 2559; x_wconf 87' lang='lat' dir='ltr'><strong>Hi</strong></span> <span class='ocrx_word' id='word_1_368' title='bbox 315 2537 362 2558; x_wconf 87' lang='lat' dir='ltr'><strong>vv.</strong></span> <span class='ocrx_word' id='word_1_369' title='bbox 386 2527 419 2558; x_wconf 93' lang='lat' dir='ltr'><strong>id</strong></span> <span class='ocrx_word' id='word_1_370' title='bbox 441 2526 570 2571; x_wconf 82' lang='lat' dir='ltr'><strong>quidem</strong></span> <span class='ocrx_word' id='word_1_371' title='bbox 593 2526 712 2558; x_wconf 87' lang='lat' dir='ltr'><strong>docent</strong></span> <span class='ocrx_word' id='word_1_372' title='bbox 734 2535 847 2558; x_wconf 85' lang='lat' dir='ltr'><strong>curare</strong></span> <span class='ocrx_word' id='word_1_373' title='bbox 869 2528 986 2565; x_wconf 89' lang='lat' dir='ltr'><strong>cutem,</strong></span> <span class='ocrx_word' id='word_1_374' title='bbox 1016 2526 1198 2567; x_wconf 88' lang='lat' dir='ltr'><strong>pelliculam</strong></span> <span class='ocrx_word' id='word_1_375' title='bbox 1220 2526 1301 2567; x_wconf 84' lang='lat' dir='ltr'><strong>(sive</strong></span> <span class='ocrx_word' id='word_1_376' title='bbox 1325 2527 1455 2567; x_wconf 87' lang='lat' dir='ltr'><strong>corpus)</strong></span> <span class='ocrx_word' id='word_1_377' title='bbox 1472 2536 1538 2559; x_wconf 90' lang='lat' dir='ltr'><strong>non</strong></span> <span class='ocrx_word' id='word_1_378' title='bbox 1559 2528 1621 2561; x_wconf 84' lang='lat' dir='ltr'><strong>hoc</strong></span> 
     </span>
     <span class='ocr_line' id='line_1_46' title="bbox 249 2568 933 2609; baseline -0.001 -8"><span class='ocrx_word' id='word_1_379' title='bbox 249 2578 349 2601; x_wconf 91' lang='lat' dir='ltr'><strong>unum</strong></span> <span class='ocrx_word' id='word_1_380' title='bbox 371 2568 478 2601; x_wconf 85' lang='lat' dir='ltr'><strong>valere</strong></span> <span class='ocrx_word' id='word_1_381' title='bbox 505 2568 594 2607; x_wconf 83' lang='lat' dir='ltr'><strong>„cibo</strong></span> <span class='ocrx_word' id='word_1_382' title='bbox 618 2576 732 2609; x_wconf 84' lang='lat' dir='ltr'><strong>corpus</strong></span> <span class='ocrx_word' id='word_1_383' title='bbox 753 2571 933 2601; x_wconf 81' lang='lat' dir='ltr'><strong>recreare“.</strong></span> 
     </span>
    </p>
   </div>
  </div>
 </body>
</html>
