1809 3046
909 732 1081 782 Vita.

419 868 617 904 Guilelmus
639 865 826 902 Lohmann
849 868 954 902 natus
968 877 1045 902 sum
1066 867 1160 913 prid.
1184 878 1267 903 non.
1293 868 1370 903 dec.
1393 879 1427 903 a.
1454 866 1552 902 1858
1575 867 1690 903 Biele-

313 931 431 967 feldae
462 934 565 975 patre
590 929 789 975 Guilelmo,
827 940 931 973 quem
963 931 1115 965 alterum
1146 930 1270 975 agenti
1301 941 1431 964 annum
1462 932 1575 965 morte
1604 930 1691 964 mihi

313 996 476 1039 ereptum
500 1003 579 1028 esse
601 992 720 1039 lugeo,
744 994 858 1027 matre
880 991 1012 1028 Emilia
1034 1003 1053 1028 e
1077 995 1186 1038 gente
1209 992 1340 1028 Brahe.
1396 991 1498 1028 Fidei
1526 992 1691 1028 addictus

313 1067 389 1091 sum
419 1056 665 1100 evangelicae.
719 1055 850 1090 Primis
874 1055 1056 1090 literarum
1081 1056 1266 1091 elementis
1288 1055 1444 1091 imbutus
1467 1055 1691 1101 gymnasium

313 1118 413 1153 urbis
436 1117 575 1162 patriae
590 1116 828 1164 frequentavi,
854 1116 949 1161 quod
972 1117 1042 1152 iam
1064 1120 1138 1153 tum
1152 1116 1336 1153 Nitzsehio
1359 1120 1499 1153 rectore
1521 1118 1691 1165 florebat3

314 1180 447 1227 ibique,
470 1182 659 1225 postquam
683 1179 816 1213 sororis
833 1179 999 1214 maritum
1015 1180 1057 1214 A.
1074 1179 1263 1215 Eberhard
1278 1179 1561 1225 Magdeburgum
1585 1180 1690 1215 comi-

313 1245 409 1277 tatus
431 1252 497 1287 per
518 1241 700 1277 biennium
723 1242 941 1286 paedagogii
963 1242 1099 1276 Beatae
1123 1242 1281 1286 Virginis
1310 1242 1506 1287 discipulus
1542 1241 1690 1289 fueram,

314 1308 505 1340 auctumno
529 1316 562 1339 a.
582 1305 679 1338 1877
704 1304 920 1339 maturitatis
941 1304 1183 1340 testimonium
1206 1308 1417 1341 consecutus
1440 1316 1529 1341 sum.
1553 1305 1691 1340 Deinde

314 1378 379 1402 sex
393 1377 535 1402 menses
558 1367 717 1412 Bonnae,
743 1366 799 1401 bis
828 1377 889 1400 sex
913 1377 1055 1401 menses
1078 1366 1234 1413 Lipsiae,
1256 1367 1445 1411 quinquies
1467 1377 1531 1401 sex
1553 1377 1693 1401 meuses

314 1429 475 1464 Berolini
497 1428 533 1463 in
557 1428 676 1464 studia
697 1427 883 1473 philologa
908 1430 944 1463 et
965 1427 1180 1473 philosopha
1201 1428 1357 1464 incubui.

420 1492 630 1525 Docuerunt
648 1501 704 1525 me
727 1490 887 1525 homines
903 1489 1097 1525 doctissimi
1113 1491 1278 1526 Bonnae:
1303 1492 1476 1538 Bernays,
1501 1492 1689 1538 Birlinger,

314 1552 529 1599 Buecheler,
565 1553 721 1599 Usener3
765 1552 931 1597 Lipsiae:
966 1552 1126 1600 Curtius,
1159 1553 1356 1601 Drobisch,
1387 1554 1520 1600 Hirzel,
1553 1554 1690 1600 Lange,

313 1616 470 1662 Lipsius,
495 1614 698 1661 Overbeck,
721 1615 905 1661 Ribbeck3
950 1615 1125 1650 Berolini:
1155 1616 1333 1662 Droysen,
1359 1616 1538 1662 Huebner,
1562 1616 1691 1651 Kirch-

313 1677 398 1724 hoff,
431 1676 598 1724 Seherer,
629 1675 780 1723 Vahlen,
804 1677 1057 1723 Wattenbach,
1092 1678 1219 1712 Zeller.
1275 1677 1420 1723 Lipsiae
1442 1678 1587 1713 interfui
1610 1689 1691 1723 pro-

312 1739 495 1775 seminarii
533 1739 870 1786 exercitationibus,
907 1739 1066 1774 Berolini
1096 1738 1152 1774 me
1182 1739 1403 1775 admiserunt
1434 1742 1481 1775 ad
1517 1742 1691 1776 exercita-

312 1802 428 1836 tiones
451 1801 656 1836 theodiscas
679 1800 921 1847 Muelleuhoff,
945 1802 1062 1836 Zeller
1081 1801 1127 1835 ad
1146 1801 1402 1850 Aristoteleas;
1424 1803 1613 1847 praeterea
1627 1815 1692 1848 per

313 1864 495 1899 biennium
531 1864 665 1899 sodalis
706 1863 908 1898 ordinarius
940 1862 990 1898 fui
1029 1863 1211 1899 seminarii
1247 1865 1422 1910 philologi
1458 1866 1561 1910 regii.
1625 1866 1691 1901 His

310 1925 397 1959 viris
421 1925 596 1971 omnibus,
622 1925 817 1969 praecipue
839 1924 1063 1959 Kirchhoffio
1088 1928 1123 1960 et
1145 1926 1308 1962 Vahleno
1331 1928 1513 1962 seminarii
1544 1929 1689 1963 rectori-

311 1989 378 2024 bus
403 1987 561 2032 mihique
576 1987 874 2032 praeceptoribus
890 1985 1143 2035 dilectissimis,
1168 1988 1441 2025 candidissimas
1456 2001 1526 2035 ago
1542 1991 1689 2035 gratias.
