1809 3046
974 190 1179 235 -36-

392 301 516 342 labore
539 303 724 350 quaesitae
746 302 949 339 fervoribus
972 304 1058 339 solis
1079 306 1142 339 aut
1160 302 1290 349 gelidis
1309 303 1446 348 pruinis
1469 329 1478 337 .
1504 329 1513 337 .
1535 302 1741 347 perimun
1754 322 1767 328 -

391 360 477 392 tur.
522 355 624 400 Quae
647 366 726 391 cum
747 355 801 390 ita
823 355 904 403 sint,
928 355 984 390 his
1006 355 1182 403 versibus,
1209 355 1279 391 etsi
1302 355 1429 391 merito
1450 354 1488 390 in
1511 364 1631 390 eorum
1654 352 1768 390 forma

391 407 592 457 haeremus,
615 410 737 445 tamen
758 417 870 454 aegre
893 418 1088 444 careamus.

578 471 596 505 I
620 471 708 505 670.
733 471 780 505 71
805 485 856 501 =
877 471 896 505 I
918 470 1005 504 792.
1030 470 1053 504 3
1078 481 1125 499 =
1149 469 1203 504 111
1225 470 1314 505 519.
1339 471 1389 504 20

709 522 784 557 672
808 521 854 558 of.
884 522 960 557 790

709 575 784 610 673
809 587 858 605 =
884 574 958 609 797

710 626 786 660 674
809 636 859 655 =
882 624 956 659 757
986 621 1239 673 („vigescere“
1262 634 1328 669 pro
1351 620 1580 672 „vigescat“)

880 676 897 712 I
921 676 1100 712 789—93
1125 688 1171 706 =
1196 676 1231 711 Π
1255 675 1435 711 750-54

1025 729 1098 763 797
1124 743 1172 761 =
1280 727 1353 763 756
1452 742 1504 757 Ξ
1530 727 1565 762 Π
1587 727 1664 762 864

746 778 833 829 (Gn.
858 781 908 815 60
930 791 1023 828 sqq.,
1046 780 1113 815 To.
1138 779 1225 827 551,
1249 779 1310 815 Br.
1334 776 1439 829 206).

498 842 562 878 Vv.
586 842 604 877 I
627 842 703 877 670
725 853 805 887 sqq.

442 906 524 929 nam
548 894 797 938 quodcumque
820 893 894 928 suis
916 896 1089 929 mutatum
1110 893 1240 930 finibus
1263 893 1348 940 exit,

443 944 610 981 continuo
633 943 701 980 hoc
722 954 819 980 mors
842 947 897 980 est
918 944 1013 981 illius
1036 945 1132 992 quod
1154 944 1221 981 fuit
1242 947 1338 981 ante.

443 997 596 1043 proinde
619 997 747 1042 aliquit
768 1001 941 1043 superare
962 1008 1111 1034 necesse
1133 1000 1189 1034 est
1210 998 1386 1033 incolume
1409 997 1501 1043 ollis,

444 1061 490 1085 ne
513 1049 581 1084 tibi
602 1059 661 1084 res
683 1049 838 1084 redeant
859 1049 906 1084 ad
928 1049 1039 1084 nilum
1059 1049 1219 1085 funditus
1240 1058 1363 1084 omnes

443 1100 489 1136 de
509 1100 656 1146 niloque
678 1102 807 1136 renata
827 1100 992 1146 vigescat
1013 1101 1118 1148 copia
1138 1112 1258 1138 rerum
1335 1096 1337 1100 ’

392 1164 462 1199 Gn.
486 1167 681 1208 propterea
709 1163 932 1208 potissimum
963 1165 1081 1198 tentat
1111 1164 1208 1208 quod
1236 1162 1403 1198 Lucretio
1430 1162 1652 1197 Heraclitum
1673 1161 1764 1196 eius-

392 1226 462 1259 que
508 1217 708 1250 sectatores
748 1214 821 1260 „ad
861 1213 1056 1249 absurdum
1096 1213 1253 1249 ducere“
1298 1213 1434 1249 volenti
1471 1224 1530 1248 vv.
1571 1213 1646 1248 672
1684 1223 1764 1259 sqq.

391 1266 521 1302 obsint.
592 1265 641 1301 At
667 1265 759 1301 haec
798 1264 983 1302 deductio
1020 1265 1141 1302 finitur
1177 1278 1211 1302 v.
1245 1267 1340 1313 6713
1372 1265 1636 1311 argumentatio
1672 1266 1765 1300 enim

389 1318 559 1353 universa
591 1321 647 1353 est
673 1317 785 1352 haec:
815 1318 845 1351 si
875 1317 971 1361 ignis
999 1318 1035 1351 in
1064 1321 1169 1353 coetu
1190 1318 1303 1353 omnis
1331 1317 1581 1363 exstinguitur,
1609 1319 1766 1351 mutatur

390 1372 426 1405 et
448 1369 572 1404 interit
594 1368 731 1416 omnis3
765 1378 825 1404 res
855 1368 968 1414 igitur
996 1369 1043 1404 ad
1072 1369 1221 1405 nihilum
1242 1368 1394 1410 redeunt
1416 1371 1452 1405 et
1474 1380 1493 1405 e
1515 1368 1627 1405 nihilo
1649 1368 1766 1405 oriun-

388 1425 459 1469 tur,
479 1433 562 1458 nam
587 1449 595 1457 .
621 1448 630 1457 .
655 1433 686 1469 ,3
715 1420 867 1466 proinde
893 1442 937 1446 —
962 1432 1007 1457 ne
1029 1433 1088 1457 res
1110 1422 1158 1457 ad
1179 1421 1329 1457 nihilum
1350 1422 1501 1457 redeant
1531 1425 1567 1456 et
1588 1422 1633 1457 de
1654 1421 1766 1456 nihilo

390 1476 603 1509 renascatur
626 1473 731 1518 copia
754 1483 873 1508 rerum
894 1492 947 1498 -
969 1473 1107 1518 aliquid
1129 1484 1301 1519 superare
1324 1483 1472 1509 necesse
1496 1476 1551 1509 est
1576 1472 1764 1508 incolume.

388 1525 495 1561 Nunc
517 1525 640 1571 igitur,
664 1524 833 1569 quoniam
856 1524 1056 1560 certissima
1079 1526 1256 1570 quaedam
1278 1535 1430 1571 corpora
1452 1527 1546 1572 sunt,
1571 1535 1664 1570 quae
1682 1535 1764 1560 ean-

389 1577 470 1613 dem
493 1587 635 1622 semper
657 1579 804 1612 servant
824 1579 989 1612 naturam
1012 1574 1051 1625 (i.
1077 1588 1107 1612 e.
1132 1577 1301 1622 quoniam
1322 1576 1460 1622 aliquid
1483 1580 1647 1622 superest
1667 1577 1765 1611 inco-

388 1625 519 1676 lume),
550 1628 642 1664 haec
669 1638 823 1672 corpora
844 1628 955 1672 ignea
977 1638 1057 1663 esse
1079 1639 1149 1663 non
1171 1631 1321 1673 possunt
1344 1654 1352 1663 .
1377 1654 1386 1663 .
1411 1654 1421 1663 .
1448 1628 1533 1663 Noli
1555 1630 1765 1673 exspectare

388 1699 439 1705 —
474 1679 544 1715 hoc
587 1679 706 1715 obiter
745 1678 881 1714 addere
922 1678 1031 1715 liceat
1067 1700 1118 1705 —
1153 1683 1193 1715 ut
1227 1680 1455 1726 syllogismus
1494 1679 1601 1716 latius
1635 1680 1765 1724 perdu-

390 1734 506 1778 catur,
537 1731 609 1767 ita:
643 1731 699 1778 „si
732 1741 894 1777 corpora,
928 1742 1021 1776 quae
1053 1742 1242 1777 superesse
1274 1732 1427 1779 debent,
1458 1732 1568 1777 ignea
1594 1742 1674 1768 esse
1695 1742 1766 1767 non

389 1785 555 1830 possunt,
578 1782 674 1828 ignis
697 1782 735 1818 in
755 1782 963 1819 universum
984 1784 1200 1829 principium
1222 1794 1302 1820 esse
1323 1782 1487 1829 nequit“.
1549 1783 1643 1819 Nam
1673 1784 1766 1819 solet

388 1835 498 1871 Luer.
522 1835 568 1870 de
590 1834 742 1880 singulis
764 1838 1012 1880 argumentum
1031 1838 1168 1883 petere,
1192 1836 1289 1881 quod
1308 1839 1368 1872 aut
1385 1835 1559 1872 transfert
1576 1839 1637 1873 aut
1650 1838 1764 1872 trans-

387 1886 475 1923 ferri
504 1887 582 1922 vult
610 1888 658 1922 ad
689 1887 808 1922 omnia
841 1887 983 1923 similia.
1035 1888 1140 1924 Velut
1167 1888 1219 1923 IV
1245 1888 1293 1923 63
1323 1899 1377 1933 sq.
1404 1888 1613 1933 quoniam
1634 1889 1765 1925 robora

388 1939 521 1975 fumum
552 1939 698 1974 mittunt
726 1966 735 1974 .
760 1965 769 1974 .
794 1966 804 1986 ,
841 1939 959 1975 tenuis
987 1950 1128 1985 quoque
1156 1939 1263 1976 debet
1294 1940 1413 1986 imago
1442 1940 1488 1976 ab
1524 1941 1631 1977 rebus
1657 1940 1763 1976 mitti.

388 1990 433 2027 cf.
456 1992 488 2027 V
510 1991 608 2026 1041
633 2002 712 2036 sqq.
735 1988 863 2036 putare
885 1991 1040 2036 aliquem
1062 1992 1207 2027 nomina
1229 1992 1452 2028 distribuisse
1473 1993 1580 2028 rebus
1604 2019 1613 2028 .
1638 2019 1647 2027 .
1670 1993 1763 2028 desi-

386 2046 528 2090 perest3
551 2054 633 2078 nam
656 2054 720 2078 cur
741 2043 819 2078 hic
840 2046 963 2088 posset
986 2046 1115 2079 cuncta
1136 2046 1262 2079 notare
1285 2044 1445 2091 vocibus,
1473 2044 1561 2080 alii
1583 2044 1704 2080 facere
1725 2044 1764 2079 id

386 2106 458 2130 non
490 2095 611 2139 quisse
641 2095 839 2139 putentur?
874 2095 1002 2140 Itaque
1032 2095 1049 2130 I
1071 2095 1146 2130 578
1178 2098 1278 2131 recte
1305 2095 1500 2132 Lambinus
1536 2094 1762 2143 „quaedam“

386 2149 517 2192 poetae
544 2146 715 2183 reddidit.
766 2146 952 2191 Scriptura
974 2147 1068 2182 enim
1091 2146 1320 2195 „quaeque“,
1344 2159 1450 2192 quam
1472 2148 1598 2184 Munro
1619 2148 1761 2195 retinet,

393 2197 591 2243 superandi
612 2209 703 2233 voce
724 2197 913 2234 refellitur.

490 2261 572 2297 Duo
593 2260 700 2306 primi
721 2272 781 2297 vv.

438 2323 522 2348 nam
544 2312 793 2357 quodcumque
815 2312 889 2348 suis
913 2339 922 2348 .
946 2339 955 2348 .

439 2364 609 2400 continuo
631 2363 700 2399 hoc
721 2374 818 2399 mors
841 2366 897 2400 est
921 2391 930 2399 .
955 2391 964 2400 .

386 2429 576 2464 recurrunt
596 2426 650 2463 111
673 2426 761 2463 519.
786 2427 847 2463 20.
900 2427 946 2464 Η.
970 2428 994 2463 1.
1025 2427 1181 2464 animum
1212 2428 1402 2464 mortalem
1424 2439 1503 2464 esse
1527 2439 1569 2464 eo
1591 2430 1763 2474 probatur

387 2481 484 2525 quod
507 2480 629 2515 sanari
651 2481 783 2524 potest.
848 2480 941 2515 Mira
975 2480 1116 2516 videtur
1137 2480 1228 2516 haec
1251 2481 1442 2528 conclusio,
1466 2480 1531 2517 sed
1554 2484 1608 2517 est
1629 2481 1761 2517 Lucre-

385 2532 497 2568 tiana.
546 2531 639 2567 Nam
661 2532 822 2568 sanando
844 2532 983 2568 animus
1005 2536 1180 2581 mutatur,
1205 2534 1301 2578 quod
1322 2536 1441 2570 autem
1464 2536 1620 2570 mutatur
1641 2546 1662 2571 e
1683 2533 1761 2570 fini-

386 2585 453 2621 bus
475 2585 571 2633 exit3
606 2595 693 2629 ergo
723 2585 885 2621 mortalis
917 2588 983 2621 est.
1048 2585 1117 2621 Gn.
1148 2586 1230 2621 illos
1256 2597 1315 2621 vv.
1345 2586 1508 2621 subditos
1530 2587 1760 2634 existimavit,
