1809 3046
755 212 959 246 ..17-

172 315 222 350 IV
246 315 344 350 1097
369 318 407 351 ut
428 315 552 352 bibere
576 343 585 352 .
610 343 618 351 .
642 316 695 352 sic
717 313 863 365 (1101).
891 336 941 341 --
971 315 1050 350 Nec
1071 317 1190 351 tamen
1211 315 1394 352 dissimulo
1417 326 1534 351 exem-

172 367 268 412 plum
299 368 419 404 verbis
449 368 569 415 „quod
598 366 736 413 genus“
776 368 1016 403 introductum
1051 368 1192 412 saepius
1224 369 1329 404 etiam
1359 372 1458 404 recte
1488 368 1535 404 ad

171 419 421 455 antecedentia
451 419 566 466 trahi3
598 419 776 455 interdum
808 420 900 456 enim
913 435 923 441 -·
932 430 990 455 res
1021 419 1232 455 illustranda
1262 422 1368 455 antea
1397 423 1534 455 tantum

170 473 397 517 memoratur,
420 473 483 506 aut
501 471 617 507 denuo
637 474 788 516 excepta
805 470 1041 507 introducitur
1058 470 1242 515 particulis
1262 471 1337 518 „sic
1356 470 1532 515 igitur“

170 519 232 570 (cf.
264 522 313 557 VI
335 522 412 557 890
439 522 533 567 quod
555 533 668 567 genus
692 550 700 558 .
725 550 734 559 .
761 523 834 558 895
866 523 918 559 sic
948 522 1057 567 igitur
1080 549 1089 558 .
1114 519 1160 571 .);
1192 534 1406 567 quamquam
1426 523 1465 558 fit
1494 526 1533 558 ut

170 573 324 608 addatur
346 573 517 621 „igitur“‚
550 574 692 610 etiamsi
723 575 940 620 comparatio
971 574 1017 609 ad
1040 575 1226 618 sequentia
1248 577 1404 620 spectat,
1434 575 1533 609 velut

168 625 219 660 IV
250 625 324 660 513
355 625 508 671 denique
542 629 581 662 ut
616 626 653 661 in
683 626 821 663 fabrica
851 653 860 662 .
884 653 893 662 .
925 626 1002 661 520
1032 626 1083 662 sic
1111 625 1233 672 igitur.
1288 625 1361 661 Sed
1392 628 1534 661 exstant

168 680 313 722 praeter
335 689 413 714 eum
437 679 482 714 de
505 689 574 738 quo
597 679 735 724 agimus
757 679 818 714 alii
839 679 919 726 loci,
953 690 1101 724 quorum
1129 678 1311 723 elegantia
1333 681 1369 714 et
1391 679 1531 714 concin-

168 729 262 765 nitas
283 730 346 765 illa
366 731 610 777 responsione,
634 741 739 775 quam
761 730 1018 777 commendavi,
1042 730 1147 765 valde
1170 731 1313 765 videtur
1334 731 1478 775 augeri:

168 781 221 816 111
243 782 318 816 266
341 792 421 827 sqq.
445 778 614 830 (quatuor
636 782 699 818 illa
729 784 906 819 elementa
936 782 1045 818 animi
1068 782 1171 828 quasi
1193 782 1326 818 multae
1349 782 1402 818 vis
1430 781 1533 817 unius

167 834 326 877 corporis
349 831 517 881 exstant).

272 893 391 938 quod
420 905 560 940 genus
591 895 627 930 in
650 895 775 940 quovis
797 896 1014 931 animantum
1036 895 1175 931 viscere
1198 897 1303 940 volgo

271 948 327 982 est
348 945 436 982 odor
458 949 494 982 et
516 947 661 992 quidam
683 947 781 983 calor
803 950 838 983 et
859 958 977 994 sapor,
1001 950 1037 982 et
1059 950 1179 983 tamen
1201 958 1247 983 ex
1268 947 1324 982 his

271 999 433 1035 omnibus
455 1002 510 1035 est
530 1011 638 1035 unum
659 999 856 1045 perfectum
878 1000 1037 1045 corporis
1059 1010 1233 1045 augmen:

271 1050 336 1085 sic
366 1052 464 1085 calor
485 1054 592 1096 atque
613 1055 677 1086 aer
698 1054 734 1086 et
755 1051 852 1085 venti
875 1062 983 1086 caeca
1004 1054 1163 1095 potestas

166 1100 243 1136 270
269 1101 380 1138 mixta
403 1105 527 1139 creant
548 1114 654 1139 unam
675 1105 906 1139 naturam..

165 1163 218 1197 ΠΙ
246 1164 320 1199 327
348 1176 427 1210 sqq.
444 1163 602 1225 ·(eorpus
634 1168 670 1201 et
699 1166 837 1201 animus
868 1166 1111 1201 communibus
1146 1166 1240 1201 inter
1274 1176 1313 1200 se
1348 1165 1528 1201 radicibus

164 1214 315 1251 haerent
337 1228 403 1252 nec
424 1217 500 1253 sine
522 1218 680 1263 pernicie
703 1217 824 1252 divelli
846 1228 952 1263 posse
974 1214 1166 1266 videntur).

217 1268 334 1312 quod
356 1280 497 1313 genus
519 1280 539 1304 e
560 1269 674 1305 thuris
689 1269 833 1329 glaebis
852 1270 1007 1304 evellere
1030 1269 1175 1304 odorem

217 1318 326 1354 haud
348 1320 486 1356 facile
509 1324 598 1368 est,
623 1321 732 1365 quin
759 1321 913 1356 intereat
934 1324 1062 1356 natura
1083 1331 1223 1365 quoque
1246 1321 1343 1356 eius:

217 1371 285 1406 sie
306 1372 414 1407 animi
435 1376 543 1417 atque
564 1373 704 1408 animae
727 1375 888 1408 naturam
910 1383 1059 1417 corpore
1077 1375 1152 1408 toto

218 1424 405 1459 extrahere
428 1424 548 1460 haud
570 1424 711 1460 facile
733 1428 801 1460 est
824 1424 927 1469 quin
949 1424 1067 1459 omnia
1087 1424 1339 1460 dissolvantur.

164 1484 209 1518 H.
232 1485 255 1519 l.
277 1485 328 1519 illi
356 1496 462 1530 quam
484 1486 640 1521 indicavi
662 1486 876 1530 oppositioni
896 1486 1053 1530 ipsorum
1074 1487 1310 1521 membrorum
1332 1485 1525 1521 similitudo

164 1536 307 1571 videtur
340 1537 474 1573 favere.
510 1558 560 1563 —
595 1537 785 1582 Languida
818 1548 963 1582 prorsus
998 1540 1053 1572 est
1086 1538 1139 1572 111
1174 1538 1248 1572 276
1280 1547 1358 1581 sqq.
1394 1536 1526 1581 triplex

162 1588 322 1634 collatio,
354 1588 423 1623 nisi
452 1589 647 1624 membrum
677 1589 796 1636 „quod
823 1599 936 1632 genus
963 1615 972 1623 .
997 1587 1031 1623 .“
1062 1588 1109 1623 ad
1139 1588 1326 1633 sequentia
1356 1591 1523 1623 vocatur:

161 1635 307 1686 (quarta
328 1639 391 1675 illa
408 1643 536 1676 natura
558 1640 697 1675 animae
719 1639 870 1675 nominis
893 1650 1022 1684 expers
1053 1651 1216 1685 prorsum
1238 1640 1359 1675 latet.
1384 1642 1525 1684 ‚atque

160 1691 279 1726 anima
301 1694 356 1727 est
378 1692 518 1728 animae
539 1703 713 1737 proporro
735 1692 841 1727 totius
862 1689 970 1741 ipsa).

266 1753 385 1796 quod
416 1764 561 1797 genus
591 1754 628 1788 in
650 1754 783 1788 nostris
804 1753 972 1788 membris
996 1756 1032 1788 et
1055 1763 1204 1797 corpore
1227 1756 1303 1788 toto

264 1804 376 1840 mixta
397 1806 512 1841 latens
535 1805 643 1840 animi
665 1805 720 1840 vis
743 1808 797 1841 est
818 1805 1030 1849 animaeque
1052 1807 1224 1851 potestas,

266 1856 474 1900 corporibus
496 1857 581 1901 quia
603 1857 648 1892 de
669 1857 791 1901 parvis
812 1857 1007 1901 paucisque
1022 1859 1206 1892 creatast:

266 1908 336 1941 sic
362 1908 429 1941 tibi
450 1909 601 1942 nominis
623 1908 714 1942 haec
736 1919 864 1952 expers
886 1908 941 1942 vis
963 1908 1059 1942 facta
1080 1908 1225 1942 minutis

163 1958 239 1993 280
267 1959 487 2007 corporibus,
509 1960 598 1995 latet
618 1965 727 2004 atque
748 1959 889 1995 animae
912 1959 1014 2004 quasi
1034 1959 1144 1994 totius
1166 1959 1246 2004 ipsa

265 2014 476 2055 proporrost
497 2011 616 2046 anima
638 2015 675 2047 et
698 2011 900 2047 dominatur
922 2021 1071 2056 corpore
1093 2014 1182 2046 toto.

267 2062 502 2098 consimili
533 2063 723 2099 ratione
754 2065 937 2098 necessest
958 2065 1086 2098 ventus
1109 2065 1144 2098 et
1165 2066 1229 2097 aer

265 2117 302 2150 et
323 2115 421 2150 calor
441 2115 536 2151 inter
557 2125 596 2151 se
617 2115 765 2161 vigeant
787 2115 978 2150 commixta
999 2125 1064 2159 per
1086 2116 1196 2150 artus.

162 2177 234 2212 Sed
254 2180 445 2222 utcumque
467 2178 512 2213 de
533 2178 589 2214 his
611 2178 699 2213 locis
721 2177 946 2225 iudicabitur,
969 2178 1013 2213 de
1035 2188 1088 2224 eo,
1112 2178 1207 2212 unde
1226 2176 1377 2222 profecti
1392 2187 1522 2223 sumus,

160 2229 258 2264 nulla
280 2229 406 2274 opinor
428 2230 495 2265 erit
517 2229 704 2265 dubitatio.

265 2281 312 2316 Ut
332 2282 455 2329 verba,
485 2282 529 2317 de
561 2282 689 2327 quibus
712 2281 882 2328 diximus,
914 2281 966 2316 ita
989 2291 1105 2325 neque
1127 2292 1185 2316 vv.
1208 2281 1240 2316 V
1263 2281 1350 2316 266.
1375 2282 1396 2315 7
1421 2295 1470 2312 Ξ
1492 2280 1525 2316 V

591 2387 778 2421 verrentes
800 2395 957 2430 aequora
976 2384 1075 2420 venti

211 2435 409 2472 diminuunt
430 2437 612 2481 radiisque
634 2440 800 2472 retexens
822 2436 1004 2472 aetherius
1026 2437 1080 2472 sol

157 2498 274 2533 neque
295 2499 354 2523 vv.
377 2489 409 2524 V
431 2489 610 2523 269—72
633 2503 683 2519 :-
706 2489 755 2524 VI
778 2488 955 2523 635-38

209 2541 412 2585 percolatur
434 2540 526 2577 enim
549 2541 658 2589 virus,
682 2543 850 2587 retroque
874 2542 1035 2576 remanat

209 2593 376 2636 materies
397 2593 530 2629 umoris
554 2596 590 2629 et
611 2594 658 2629 ad
680 2596 788 2638 caput
810 2592 973 2628 amnibus
995 2592 1109 2628 omnis
