1809 3046
903 164 1104 199 —33-

316 269 443 304 Talem
470 268 684 303 sententiam
711 267 797 312 poni
823 268 982 313 potuisse
1009 279 1082 304 non
1108 280 1213 316 nego,
1242 279 1456 315 quamquam
1487 279 1560 305 non
1586 269 1690 305 dissi-

316 321 411 356 mulo
434 319 641 355 Lucretium
662 319 698 355 h.
722 320 746 356 l.
770 319 815 355 de
838 320 992 356 fausto
1022 320 1172 357 fulmine
1201 320 1288 357 mihi
1308 332 1380 357 non
1402 320 1519 357 videri
1545 320 1709 358 dixisse.‘

316 373 364 407 At
387 373 557 408 universa
577 372 781 407 Neumanni
802 372 1029 409 ratiocinatio
1052 372 1139 408 mihi
1160 384 1232 409 non
1254 374 1438 419 probatur.
1492 374 1586 409 Nam
1614 374 1689 421 „in-

317 424 412 459 dicia
448 424 585 459 divum.
610 424 740 459 mentis
784 422 1019 469 perquirere“
1035 421 1064 473 ¹)
1111 421 1221 472 (382)
1256 428 1312 461 est
1346 425 1463 472 „ictus
1506 425 1692 461 fulminum

318 480 511 520 ceteraque
539 476 630 511 caeli
653 474 900 520 phaenomena
926 474 1158 512 observare“.
1188 478 1320 513 Versus
1342 480 1473 524 autem,
1497 478 1542 513 de
1564 477 1692 522 quibus

318 528 479 574 dicimus,
504 528 688 564 continent
708 528 796 563 talia
817 527 1083 575 phaenomena,
1115 531 1199 573 apte
1226 529 1336 573 igitur
1356 529 1427 564 illis
1448 529 1569 564 verbis
1597 529 1691 565 subi-

318 579 467 615 ciuntur.
522 580 637 615 Porro
659 579 746 625 quid
768 590 898 615 nocere
920 581 1030 625 queat
1051 578 1185 621 fulmen
1212 576 1333 630 (386),
1361 580 1546 626 quaeritur
1572 592 1593 617 e
1614 591 1691 617 car-

318 632 472 669 minibus
503 631 723 679 Tyrrhenis3
756 643 843 677 ergo
875 630 1133 678 „perquirere“
1167 629 1276 682 (382)
1307 633 1430 677 utique
1461 633 1604 669 diversa
1630 645 1692 668 no-

318 684 416 719 tione
439 684 720 729 intellegendum
743 686 810 719 est.
865 684 938 719 Sed
968 685 1029 729 qui
1060 684 1128 720 hoc
1152 687 1206 720 est
1226 685 1441 720 molestum?
1493 684 1587 721 Nam
1616 684 1692 730 qui-

319 747 470 781 cumque
501 736 617 773 minus
647 738 776 781 argute
805 735 842 771 in
873 737 986 772 verba
1013 736 1190 784 inquiret,
1226 748 1301 774 rem
1331 737 1384 774 ita
1418 736 1591 783 accipiet:
1621 748 1694 773 non

319 791 375 824 est
398 816 407 824 .
432 816 440 824 .
466 815 474 823 .
499 789 701 824 volventem
725 788 883 823 carmina
896 789 1087 833 Tyrrhena
1117 786 1157 836 (i.
1174 800 1205 824 e.
1233 790 1341 836 „dum
1355 787 1508 835 volvis“,
1531 801 1602 824 non
1626 799 1693 836 „eo

320 839 416 884 quod
438 836 596 888 volvis“)
618 839 753 875 indicia
776 839 923 874 deorum
944 840 1153 884 perquirere
1175 840 1366 877 scilicet
1386 840 1481 876 unde
1503 840 1599 886 ignis
1611 850 1692 886 per-

319 891 459 928 venerit
482 920 490 927 .
515 919 524 927 .
549 919 557 928 .
582 892 715 938 quidve
737 902 867 928 nocere
890 894 998 937 queat
1019 891 1151 929 fulmen
1174 892 1198 929 i.
1223 904 1254 929 e.
1278 893 1364 938 quid
1384 893 1456 929 illis
1476 892 1619 929 indiciis
1640 893 1693 929 in-

320 946 460 980 dicetur
490 941 551 991 (ex
582 944 800 979 carminibus
832 942 1035 992 quaerere).
1068 965 1118 969 —
1150 944 1221 980 Sed
1252 956 1466 989 quamquam
1495 945 1548 980 sic
1574 944 1613 979 hi
1633 956 1691 979 vv.

319 1008 341 1031 a
365 995 588 1031 dubitatione
609 995 857 1043 vindicantur,
890 995 1042 1031 alterum
1066 1006 1127 1032 eos
1154 998 1261 1032 antea
1288 995 1457 1033 habuisse
1486 997 1602 1032 locum
1623 996 1694 1033 iam

319 1059 429 1094 supra
450 1044 528 1097 (pg.
554 1045 618 1098 14)
640 1049 745 1084 nobis
766 1048 954 1093 probabile
976 1049 1092 1084 visum
1115 1051 1181 1084 est.

423 1101 457 1135 11
484 1101 569 1135 163.
593 1101 617 1134 4
641 1114 691 1131 z
714 1101 765 1135 IV
788 1101 876 1133 207.
902 1101 924 1134 8

372 1151 631 1197 multiplexque
653 1151 724 1187 loci
746 1150 902 1196 spatium
923 1153 1172 1187 transcurrere
1195 1151 1320 1187 eodem

371 1208 533 1249 tempore
556 1214 627 1248 quo
649 1203 735 1240 solis
757 1203 973 1249 pervolgant
994 1202 1139 1248 fulgura
1162 1205 1310 1239 caelum.

501 1253 586 1303 (Gn.
612 1257 658 1289 '71
683 1266 749 1301 sq.,
774 1255 840 1289 To.
865 1254 954 1301 551,
977 1255 1037 1289 Br.
1063 1251 1167 1303 207).

318 1308 359 1342 In
395 1307 444 1342 IV
467 1307 542 1342 208
580 1309 700 1343 exstat
734 1307 813 1343 loco
848 1306 949 1343 vocis
981 1304 1172 1355 „fulgura“
1208 1304 1410 1355 „lumina“3
1447 1307 1543 1353 quod
1578 1307 1693 1353 suspi-

319 1363 423 1396 catur
454 1359 523 1396 Gn.
555 1360 592 1395 in
623 1361 658 1395 H
693 1361 767 1395 164
796 1362 971 1395 mutatum
1001 1370 1080 1395 esse
1117 1359 1154 1395 in
1187 1358 1398 1407 „fulgura“,
1435 1360 1520 1405 quia
1550 1360 1587 1394 in
1621 1361 1694 1395 162

321 1410 504 1460 „lumina“
527 1412 732 1447 antecedat.
788 1412 886 1456 Ergo
908 1411 990 1446 illos
1012 1422 1070 1446 vv.
1102 1411 1153 1447 ibi
1183 1422 1263 1447 cum
1286 1412 1415 1447 abesse
1446 1411 1586 1456 possint
1615 1422 1695 1448 esse

318 1464 568 1509 interpolatos.
622 1463 671 1500 At
709 1466 750 1499 ut
791 1461 983 1511 „fulgura“
1021 1463 1233 1500 variationis
1271 1464 1390 1509 gratia
1429 1463 1593 1499 dicantur
1629 1475 1695 1509 pro

318 1516 524 1562 luminibus,
549 1516 609 1560 qui
632 1527 677 1552 ex
698 1516 768 1550 hac
790 1527 829 1551 re
849 1515 1078 1560 consequitur
1100 1516 1180 1550 illos
1199 1527 1258 1550 vv.
1281 1526 1352 1550 non
1374 1526 1445 1550 uno
1467 1518 1592 1550 tenore
1615 1526 1694 1550 cum

318 1567 615 1603 antecedentibus
646 1567 868 1612 conscriptos
899 1567 1007 1602 esse?
1068 1567 1162 1602 Nam
1193 1565 1363 1613 „fulgura
1398 1564 1508 1602 solis“
1540 1577 1612 1602 non
1642 1567 1694 1602 in-

318 1620 493 1656 solentem
517 1630 596 1655 esse
618 1620 834 1656 locutionem
858 1618 964 1655 docet
994 1630 1028 1654 v.
1051 1619 1102 1654 IV
1131 1619 1224 1654 190:
1259 1646 1267 1654 .
1293 1648 1300 1655 .
1325 1619 1527 1655 stimulatur
1555 1618 1696 1664 fulgere

317 1672 439 1717 fulgur
462 1668 592 1720 (solis).
647 1672 691 1707 Id
713 1671 808 1716 quod
831 1682 959 1706 revera
981 1671 1168 1706 molestum
1202 1681 1280 1706 esse
1310 1670 1442 1715 possiti
1474 1670 1606 1715 duplex
1636 1671 1696 1706 vel

318 1724 452 1769 triplex
494 1724 714 1768 comparatio
755 1723 966 1759 mobilitatis
1009 1723 1284 1768 primordiorum
1328 1725 1364 1759 et
1406 1722 1575 1758 luminum
1611 1722 1696 1759 solis

322 1773 635 1825 (praecellere
665 1776 864 1812 mobilitate
895 1778 932 1811 et
970 1775 1081 1810 multo
1113 1775 1257 1811 citius
1289 1786 1395 1820 quam
1432 1774 1567 1810 lumina
1596 1774 1694 1822 solis,

320 1828 670 1872 multiplexque
707 1828 777 1863 loci
812 1828 967 1872 spatium
998 1826 1124 1862 eodem
1152 1829 1314 1872 tempore
1348 1830 1594 1863 transcurrere
1626 1838 1696 1872 quo

321 1880 456 1915 lumina
481 1880 567 1915 solis
591 1881 729 1916 caelum
752 1876 982 1927 pervolgant)
1013 1879 1081 1914 hoc
1107 1878 1203 1915 idem
1230 1879 1325 1915 cadit
1349 1879 1458 1915 etiam
1487 1878 1523 1914 in
1546 1879 1697 1914 alterum

320 1933 437 1967 locum
460 1928 525 1979 (IV
549 1932 636 1967 207.
661 1929 713 1980 8).
769 1931 848 1975 Quo
871 1942 1086 1975 quamquam
1107 1931 1160 1965 illi
1182 1942 1242 1966 vv.
1267 1941 1347 1966 cum
1368 1930 1496 1966 vicinis
1518 1933 1697 1966 structura

321 1984 559 2029 continentur,
582 1986 702 2018 tamen
721 1986 848 2028 postea
866 1983 1032 2018 videntur
1050 1982 1169 2030 positi,
1194 1982 1361 2027 quoniam
1380 1981 1448 2018 hoc
1466 1992 1532 2028 per
1553 1993 1592 2018 se
1613 1993 1695 2028 pro-

322 2035 478 2072 babilius
502 2038 569 2071 est.

425 2086 997 2123 142921531=1V672

374 2141 411 2175 id
434 2138 531 2184 quod
552 2139 624 2174 iam
646 2149 757 2183 supra
778 2138 846 2173 tibi
868 2138 975 2183 paulo
998 2137 1217 2173 ostendimus
1239 2139 1336 2173 ante.

573 2187 659 2239 (Gn.
684 2191 706 2225 8
730 2201 796 2236 sq„
821 2190 887 2225 To.
913 2189 986 2224 541
1011 2186 1124 2237 adn.).

430 2355 462 2395 1)
485 2353 598 2385 Neum.
631 2354 666 2385 et
693 2352 747 2393 qui
775 2362 850 2384 eum
879 2354 1060 2393 sequuntur
1091 2351 1245 2389 „indicia“
1270 2351 1469 2393 intellegunt
1493 2361 1593 2392 „quae
1614 2351 1700 2384 indi-

322 2398 470 2435 cantur“‚
500 2405 573 2428 cum
594 2395 852 2435 intellegendum
873 2394 1022 2426 videatur
1051 2404 1155 2434 „quae
1182 2393 1357 2426 indicant“.
1391 2413 1433 2417 ——
1465 2393 1555 2426 Illius
1591 2394 1698 2426 conie-

323 2442 433 2472 cturae
456 2437 489 2469 id
512 2446 637 2477 quoque
660 2435 834 2468 obiecerim
857 2436 1018 2476 particula
1032 2440 1106 2473 „ve“
1121 2445 1188 2468 non
1206 2436 1386 2476 iungendas
1409 2445 1481 2468 esse
1502 2435 1697 2468 sententias:

322 2480 399 2521 quid
427 2479 526 2511 fausti
553 2478 721 2519 praedicat
749 2477 796 2509 vis
825 2477 885 2509 teli
912 2477 1041 2518 quidve
1069 2486 1189 2510 nocere
1220 2480 1317 2517 queat
1343 2477 1483 2516 fuhnen,
1513 2476 1571 2509 sed
1591 2477 1698 2518 potius

322 2523 396 2554 has:
428 2530 510 2552 non
540 2522 591 2551 est
619 2545 625 2551 .
651 2545 657 2551 .
683 2544 688 2551 .
719 2519 907 2560 perquirere
935 2519 1056 2551 indicia
1076 2519 1226 2558 deorum,
1250 2519 1380 2559 quidve
1407 2518 1506 2550 fausti
1532 2519 1700 2558 praedicat

322 2564 370 2595 vis
392 2563 450 2594 teli
472 2561 538 2593 sive
560 2561 636 2601 quid
657 2570 776 2593 nocere
800 2561 898 2600 queat
918 2559 1051 2593 fulmen.
