1809 3046
183 277 373 323 opinentur
404 277 574 314 divinitus
610 287 690 314 esse
724 279 893 313 creatum.
930 277 995 313 sed
1031 277 1237 322 quamvis
1276 276 1438 323 ignorem
1472 276 1544 322 pri-

182 329 321 365 mordia
343 356 352 364 .
378 356 387 365 .
412 356 421 364 .
446 357 455 376 ,
486 332 607 365 tamen
637 326 724 378 (non
754 329 850 364 idem
879 332 989 373 atque
1018 329 1071 363 illi
1102 330 1284 376 concludo,
1313 326 1393 376 sed)
1420 329 1478 364 vel
1501 339 1545 364 ex

182 381 272 416 caeli
305 381 504 416 rationibus
535 408 544 416 .
576 407 584 416 .
617 407 626 417 .
663 380 871 416 confirmare
914 380 1029 416 ausim
1066 382 1233 416 mundum
1269 392 1340 416 non
1374 381 1544 416 divinitus

183 435 341 468 creatum
378 444 469 469 esse.
532 434 573 468 In
603 433 627 468 l.
661 433 693 468 V
723 435 842 468 autem
871 433 909 467 hi
930 444 989 467 vv.
1013 432 1145 467 artiore
1173 433 1315 468 vinculo
1344 444 1422 468 cum
1444 436 1544 468 ante-

182 484 390 519 cedentibus
424 486 523 529 iungi
567 495 638 521 non
680 485 865 530 videntur,
887 495 980 531 ⁴cum
1020 495 1092 518 non
1127 487 1255 528 agatur
1292 485 1336 519 de
1372 495 1413 519 eo
1449 484 1545 529 quod

181 535 260 580 quis
280 535 434 580 ignoret.
460 563 468 571 .
492 563 501 571 .
555 536 680 581 Itaque
701 536 895 571 verisimile
920 538 976 571 est
996 538 1140 580 poetam
1163 546 1224 570 eos
1245 538 1442 571 mutuatum
1464 546 1543 571 esse

181 598 226 623 ex
247 587 271 623 l.
293 588 339 622 II.

283 640 336 675 HI
359 641 535 676 784—97
560 655 609 672 z
632 641 663 676 V
689 641 877 676 128—41.
1019 680 1027 684 ,

181 688 249 740 (ΙΠ
272 692 346 727 784
369 692 533 739 denique,
569 693 601 728 V
632 693 704 727 128
727 692 836 739 sicut,
866 693 918 727 111
949 693 1022 727 797
1053 691 1183 727 durare
1208 691 1373 738 genique,
1406 692 1436 727 V
1471 692 1541 726 141

180 743 402 789 formamque
423 741 640 793 animalem).
691 741 775 792 (Gn.
808 744 856 778 35
889 755 979 790 sqq.,
1012 744 1079 779 To.
1104 744 1178 779 546
1211 755 1278 791 sq.;
1307 744 1368 779 Br.
1401 744 1474 778 203
1509 747 1544 779 et

179 795 350 831 Bursians
379 795 545 832 Jahresb.
572 796 773 831 1874—76
795 796 830 830 Π
855 793 955 844 186).

180 847 228 882 Ut
256 847 293 882 in
322 847 468 883 aethere
499 859 569 883 non
591 848 708 894 arbor,
739 848 776 882 in
797 848 886 882 mari
908 858 978 882 non
1001 848 1113 882 nubes
1137 874 1146 882 .
1171 874 1179 882 .
1212 857 1291 882 esse
1324 850 1469 893 queunt,
1492 848 1543 883 ita

179 898 297 933 anima
326 909 397 933 non
427 899 495 933 nisi
523 899 561 934 in
589 910 737 944 corpore
766 899 910 933 animali
942 909 1020 933 esse
1043 902 1178 945 potest,
1208 910 1279 933 non
1307 899 1412 933 modo
1441 902 1543 934 extra

179 952 294 984 totum
330 960 457 995 corpus
492 961 571 986 esse
607 962 677 986 non
712 953 842 997 potest,
878 950 943 985 sed
977 950 1035 984 vel
1070 950 1107 984 in
1148 953 1246 984 certa
1275 953 1379 995 parte
1410 961 1461 985 sc.
1505 951 1541 985 in

179 1004 324 1046 pectore
361 1002 468 1038 debet
503 1013 593 1038 esse.
631 1023 682 1027 —
716 1002 782 1037 His
804 1001 1002 1048 sententiis,
1040 1012 1129 1045 quas
1160 1002 1389 1036 Neumannus
1414 1005 1450 1037 et
1472 1002 1541 1037 Gn.

128 1091 130 1093 ‚
178 1064 323 1097 prorsus
354 1055 459 1089 aliter
487 1057 713 1100 acceperunt,
745 1054 783 1088 in
804 1054 828 1088 l.
850 1054 902 1087 HI
933 1052 1137 1087 confutatur
1162 1052 1323 1087 doctrina
1346 1053 1390 1087 de
1411 1053 1541 1098 migra-

179 1105 275 1140 tione
298 1105 423 1152 animi3
446 1106 482 1140 in
505 1106 528 1140 l.
547 1106 579 1140 V
598 1105 649 1141 eis
672 1105 935 1140 demonstratur
953 1104 1122 1139 coelestia
1141 1114 1292 1149 corpora
1305 1115 1375 1139 non
1387 1105 1543 1141 animata

179 1167 258 1192 esse
292 1178 339 1182 ——
368 1168 417 1192 sc.
441 1159 526 1202 quia
547 1157 684 1192 animus
706 1167 776 1191 non
800 1160 903 1191 extra
923 1156 1111 1191 animalem
1140 1155 1288 1192 formam
1316 1167 1396 1192 esse
1417 1157 1541 1201 possit.

179 1229 229 1233 ——
257 1209 298 1243 In
331 1209 354 1244 l.
386 1210 438 1243 III
467 1209 506 1243 id
534 1211 779 1254 argumentum
811 1219 911 1243 suum
943 1208 1045 1252 quasi
1075 1210 1197 1243 tenere
1236 1208 1352 1243 locum
1387 1219 1457 1243 non
1488 1212 1543 1244 est

180 1261 275 1304 quod
298 1260 424 1306 dicam,
448 1260 484 1294 in
507 1261 530 1295 l.
552 1261 596 1295 V.
619 1260 744 1295 mirum
767 1259 919 1306 videtur,
943 1259 1026 1303 quia
1040 1260 1142 1294 Plato
1166 1270 1197 1294 e.
1215 1270 1250 1303 g.
1273 1259 1395 1294 mundi
1417 1263 1541 1304 partes

178 1312 353 1348 animatas
385 1323 464 1347 esse
501 1312 627 1359 voluit,
666 1322 878 1356 quamquam
914 1311 965 1346 eis
999 1322 1069 1346 non
1101 1322 1231 1347 nervos
1264 1314 1300 1346 et
1332 1313 1540 1357 sanguinem

176 1363 312 1398 tribuit.
353 1363 431 1398 Nec
453 1364 537 1398 lieet
559 1364 683 1408 negari
706 1366 784 1398 tota
804 1366 907 1407 parte
931 1360 1004 1410 (vv.
1031 1360 1224 1410 126—43)
1246 1363 1387 1398 sublata
1407 1364 1539 1398 incom-

177 1414 317 1450 modum
340 1426 409 1450 non
431 1415 482 1450 ita
499 1416 579 1450 leve
600 1414 789 1450 removeri.
851 1414 900 1449 At
923 1414 967 1449 de
989 1414 1057 1449 hoc
1079 1425 1182 1449 nemo
1205 1414 1387 1459 cogitavit.
1441 1415 1540 1450 Nihil

177 1469 295 1500 autem
318 1467 497 1501 lucramur
518 1466 646 1501 deletis
663 1465 905 1501 tantummodo
926 1477 983 1499 vv.
1003 1466 1200 1512 128-413
1223 1466 1329 1500 immo
1349 1470 1541 1510 augeretur

176 1517 265 1552 illud
286 1518 556 1564 incommodum,
581 1518 747 1562 quoniam
770 1528 906 1552 summa
927 1517 1247 1561 argumentationis
1270 1516 1423 1563 deesset,
1448 1529 1540 1567 quae

175 1573 294 1603 tamen
316 1570 414 1604 nulla
436 1569 506 1604 alia
529 1579 608 1604 esse
631 1572 752 1613 posset
774 1580 879 1613 quam
902 1579 993 1613 quae
1015 1571 1144 1604 exstat.
1181 1569 1274 1603 Nam
1296 1579 1359 1603 cur
1376 1573 1540 1613 putemus

175 1623 340 1655 naturam
370 1620 478 1655 animi
508 1620 765 1665 consiliumque
794 1631 863 1655 non
892 1630 998 1665 posse
1029 1630 1108 1655 esse
1137 1630 1214 1654 cum
1238 1620 1364 1664 quovis
1391 1631 1539 1666 corpore

176 1669 279 1720 (126.
298 1670 365 1719 7)?
387 1672 562 1707 Nimirum
586 1672 669 1716 quia
690 1683 760 1707 non
783 1675 884 1707 extra
906 1672 1054 1707 formam
1077 1672 1266 1707 animalem
1281 1682 1359 1707 esse
1378 1676 1538 1717 possunt.

175 1744 227 1748 -—
249 1724 320 1759 Sed
353 1724 414 1767 qui
445 1735 502 1758 vv.
529 1724 703 1758 128—41
737 1724 772 1758 in
806 1724 1061 1758 dubitationem
1092 1726 1285 1770 vocarunt,
1318 1725 1539 1760 Purmannus

175 1775 310 1810 Pollius
346 1775 584 1810 Reisackerus
621 1774 833 1821 Goebelius,
878 1775 1060 1810 offendunt
1105 1775 1258 1810 maxime
1294 1775 1329 1810 in
1364 1776 1540 1820 particula

177 1825 316 1874 „sicut“
335 1827 420 1874 128,
447 1838 538 1871 quae
561 1826 636 1862 sive
659 1826 705 1861 ad
728 1827 914 1871 sequentia
934 1826 1097 1862 trahatur
1116 1827 1192 1862 sive
1212 1827 1258 1861 ad
1276 1828 1538 1874 antecedentia,

174 1878 373 1913 molestiam
394 1881 537 1913 moveat
560 1889 601 1913 eo
625 1879 720 1922 quod
743 1879 961 1923 comparatio
981 1881 1044 1913 aut
1065 1889 1142 1913 cum
1164 1879 1457 1914 antecedentibus
1478 1883 1540 1914 aut

176 1939 254 1964 cum
290 1930 521 1973 sequentibus
556 1930 671 1964 minus
708 1933 923 1964 conectatur.
993 1930 1048 1964 De
1081 1940 1151 1973 qua
1186 1940 1224 1964 re
1255 1929 1416 1965 conferas
1447 1941 1539 1974 quae

175 1980 356 2026 disputavi
377 1981 424 2016 ad
448 1981 570 2027 „quod
591 1980 729 2026 genus“
752 1992 814 2025 pg.
839 1982 885 2015 16
907 1991 961 2025 sq.
996 1981 1089 2015 Nam
1111 1984 1150 2015 ut
1172 1980 1227 2015 his
1248 1982 1368 2017 verbis
1396 1993 1537 2026 compa-

174 2032 286 2078 ratio,
320 2043 412 2076 quae
446 2043 555 2077 saepe
588 2043 665 2066 cum
696 2033 927 2076 sequentibus
957 2033 1069 2067 artius
1100 2032 1288 2078 cohaeret,
1321 2032 1427 2067 etiam
1459 2044 1537 2067 cum

174 2083 466 2120 antecedentibus
482 2083 741 2129 quodammodo
763 2083 933 2131 iungitur,
957 2084 1008 2119 ita
1029 2083 1065 2118 h.
1081 2084 1103 2118 l.
1128 2084 1346 2128 comparatio
1361 2084 1538 2129 particula

175 2134 312 2183 „sicut“
335 2136 539 2172 introducta
561 2147 773 2180 quamquam
796 2136 842 2171 ad
864 2136 1050 2181 sequentia
1071 2135 1198 2182 tendit,
1227 2138 1347 2171 tamen
1370 2137 1416 2172 ab
1439 2140 1536 2172 ante—

137 2191 146 2193 ”
175 2187 385 2222 cedentibus
417 2198 488 2222 non
515 2188 622 2231 plane
653 2188 792 2222 divolsa
822 2188 976 2223 videtur.
1037 2187 1164 2231 Neque
1197 2188 1310 2232 igitur
1337 2198 1382 2222 ex
1403 2188 1471 2223 hac
1498 2200 1537 2223 re

172 2238 410 2283 suspicionem
432 2241 595 2283 repetere
617 2238 750 2274 licebit.

276 2291 351 2325 Iam
381 2290 576 2337 videamus,
606 2301 688 2325 num
719 2292 834 2325 altero
865 2291 943 2325 loco
973 2290 1011 2325 hi
1036 2302 1095 2325 vv.
1119 2294 1180 2325 aut
1203 2302 1324 2326 omnes
1347 2294 1408 2325 aut
1430 2291 1537 2326 etiam

174 2352 218 2376 ex
256 2344 357 2386 parte
399 2342 607 2387 interpolati
642 2342 723 2378 sint.
791 2342 1003 2378 Neumanno
1039 2345 1075 2377 et
1112 2342 1278 2378 Gneissio
1313 2342 1363 2377 ibi
1397 2343 1537 2378 molesti

172 2483 239 2505 non
268 2473 308 2506 de
337 2475 470 2513 natura3
502 2473 584 2505 adde
616 2473 699 2514 quod
727 2473 860 2505 verbum
891 2472 1075 2511 „materixffl
1107 2473 1149 2504 ad
1170 2482 1198 2504 v.
1233 2472 1373 2513 „ignari“
1398 2472 1536 2505 relatum

171 2524 444 2555 supervacaneum
465 2517 553 2546 esset
572 2515 628 2555 (cf.
650 2515 680 2547 V
698 2515 761 2546 416
783 2524 849 2554 sqq.
872 2515 1037 2546 coniectus
1058 2514 1208 2546 materiai
1229 2514 1377 2546 fundavit
1399 2540 1405 2546 .
1431 2540 1437 2547 .
1460 2516 1535 2547 solis

170 2558 305 2601 cursus).
