1809 3046
752 193 958 226 —27—

282 293 454 333 Versibus
475 294 511 328 Π
533 293 684 329 725-7

230 345 368 381 semina
389 355 468 380 cum
489 356 596 390 porro
620 345 754 382 distent
775 346 919 383 differre
942 349 1127 383 necessust

230 396 421 432 intervalla
442 396 520 431 vias
543 407 698 433 conexus
720 399 879 443 pondera
901 399 1030 444 plagas

231 458 422 483 concursus
444 451 559 484 motus

179 501 313 536 similes
333 503 414 535 sunt
436 512 493 536 vv.
516 501 567 536 IV
590 501 676 537 649.
700 501 750 536 50

230 552 365 587 semina
387 562 466 586 cum
488 562 593 596 porro
616 552 760 599 distent,
785 554 928 589 differre
952 556 1136 589 necessest

229 602 420 638 intervalla
441 600 623 652 vias(que)
647 631 656 639 .
681 631 689 640 .

179 665 209 699 V
229 664 420 750 iffissrvilla
440 715 518 750 vias
540 726 694 751 conexus
716 716 876 762 pondera
897 717 1024 762 plagas

231 777 422 802 concursus
444 769 561 802 motus
584 793 593 803 .
619 794 628 803 .

178 829 195 863 I
218 829 304 864 633.
328 829 352 862 4

231 907 240 916 .
266 907 274 916 .
297 891 451 915 conexus
472 881 632 925 pondera
653 882 779 927 plagas

231 942 422 966 concursus
444 934 558 967 motus
583 959 591 967 .
616 959 624 967 .
650 959 659 979 ,

179 983 240 1028 qui
263 983 347 1028 quin
370 983 502 1028 integri
524 984 595 1019 sint
615 995 719 1020 nemo
742 985 809 1020 erit
831 985 891 1030 qui
915 985 1066 1021 dubitet.

282 1046 298 1078 1
322 1046 409 1079 919.
434 1046 483 1078 20
505 1060 554 1075 z
576 1046 611 1079 11
634 1047 721 1080 976.
746 1047 766 1079 7

230 1095 291 1130 fiet
311 1096 362 1131 uti
384 1096 457 1130 risu
479 1097 629 1131 tremulo
652 1107 826 1132 concussa
849 1097 1062 1132 cachinnent

230 1150 266 1183 et
284 1147 439 1183 lacrimis
458 1148 561 1183 salsis
580 1151 760 1184 umectent
782 1159 846 1184 ora
868 1160 1051 1194 genasque

229 1196 279 1247 (Π
302 1200 375 1234 976
400 1199 537 1235 scilicet
560 1203 596 1235 et
619 1227 627 1235 .
652 1227 660 1235 .
686 1227 694 1235 .
718 1200 932 1235 cachinnant

230 1278 238 1286 .
264 1278 272 1286 .
297 1251 453 1286 lacrimis
475 1254 649 1296 spargunt
669 1252 871 1288 rorantibus
896 1279 904 1287 .
930 1249 955 1300 .)

176 1312 223 1347 Hi
251 1324 321 1359 vv.,
345 1313 405 1357 qui
425 1314 462 1348 in
484 1314 507 1349 l.
527 1314 543 1348 I
565 1313 692 1349 tentati
713 1317 805 1360 sunt,
829 1325 906 1349 cum
928 1313 1090 1359 Briegeri
1111 1312 1404 1358 interpretatione
1424 1309 1542 1360 (Burs.

177 1363 341 1399 Jahresb.
361 1365 470 1411 1876,
494 1366 539 1411 II,
559 1362 647 1413 175)
667 1366 753 1413 satis
772 1365 1017 1412 defendantur,
1037 1365 1074 1400 in
1093 1366 1145 1400 eis
1163 1376 1234 1400 non
1249 1367 1388 1408 oportet
1403 1363 1543 1408 longius

176 1425 368 1450 versemur.
431 1416 483 1450 Ac
506 1426 549 1450 ne
579 1416 616 1450 id
646 1416 788 1460 quidem
814 1426 880 1461 pro
903 1419 999 1453 certo
1021 1416 1198 1461 posuerim
1221 1416 1271 1451 ibi
1294 1425 1355 1451 eos
1378 1425 1448 1449 non
1470 1414 1542 1459 pri-

174 1467 281 1502 mitus
304 1467 456 1511 scriptos
479 1478 570 1503 esse.

276 1519 294 1552 I
322 1519 433 1553 1079.
458 1519 508 1553 80
531 1532 581 1549 :z
603 1519 638 1553 H
661 1519 748 1554 236.
775 1520 795 1553 7

224 1580 292 1604 nec
314 1568 409 1613 quod
432 1569 538 1605 inane
561 1572 680 1605 autem
711 1572 766 1605 est
793 1569 856 1605 ulli
879 1570 1074 1605 subsistere
1098 1569 1215 1617 debet,

226 1620 322 1667 quin,
347 1631 411 1656 sua
434 1622 528 1666 quod
551 1624 680 1657 natura
701 1621 802 1668 petit,
827 1621 1025 1657 concedere
1048 1625 1189 1667 pergat.

293 1673 327 1707 II
346 1673 420 1707 236
439 1675 598 1717 tempore
620 1674 726 1708 inane
747 1675 865 1717 potest
887 1684 1036 1709 vacuum
1059 1674 1252 1709 subsistere
1274 1670 1354 1721 rei).

277 1669 362 1772 {Gn
388 1724 447 1770 75,
472 1725 536 1760 To.
563 1724 650 1771 551,
673 1725 733 1760 Br.
757 1721 861 1773 207).

175 1785 396 1822 Sententiam
430 1797 501 1821 non
536 1786 688 1821 alienam
725 1796 803 1822 esse
832 1786 869 1821 in
903 1786 927 1821 l.
955 1787 983 1832 I,
1013 1786 1072 1821 ubi
1104 1786 1172 1821 Gn.
1209 1795 1334 1820 versus
1369 1785 1543 1821 insiticios

176 1848 254 1873 esse
286 1840 407 1873 censet
429 1858 479 1862 —-
502 1838 567 1872 To.
591 1837 659 1872 hoc
680 1848 751 1872 non
773 1840 894 1883 negat,
925 1837 985 1872 Br.
1009 1848 1070 1873 eos
1092 1838 1169 1872 vult
1189 1837 1347 1883 retineri,
1378 1837 1542 1882 quamvis

176 1889 389 1935 displiceant
420 1909 469 1915 —
500 1892 539 1925 ut
560 1889 757 1936 ostendam,
790 1889 914 1934 paucis
936 1900 1065 1925 nexum
1088 1889 1294 1934 explicabo:
1321 1889 1393 1924 Res
1415 1900 1485 1924 non
1507 1889 1543 1924 in

176 1942 333 1977 medium
355 1941 527 1987 nituntur,
551 1952 632 1976 nam
655 1941 691 1976 in
714 1940 850 1977 infinito
872 1940 961 1976 nihil
984 1944 1039 1976 est
1060 1941 1226 1987 medium,
1250 1951 1316 1976 nec
1339 1941 1369 1976 si
1390 1941 1462 1976 iam
1485 1941 1542 1988 sit,

228 1989 362 2041 (1072)
385 1992 497 2037 possit
519 1993 569 2028 ibi
591 1992 781 2037 quicquam
803 1993 1000 2028 consistere
1022 2003 1104 2028 nec
1126 1993 1273 2037 magis
1302 2003 1405 2028 esse

383 2055 488 2089 quam
511 2044 636 2090 quavis
658 2045 729 2079 alia
751 2045 856 2089 longe
878 2044 1079 2089 regione
1102 2045 1296 2079 diversa
1318 2041 1498 2093 (remota),

176 2094 243 2144 (ita
264 2096 301 2131 hi
323 2107 381 2131 vv.
404 2095 557 2131 fortasse
579 2096 719 2131 restitui
740 2093 919 2144 possunt);
943 2096 1055 2131 omnis
1075 2096 1169 2131 enim
1188 2097 1287 2131 locus
1307 2096 1382 2131 sive
1405 2096 1542 2131 medius

176 2148 251 2184 sive
274 2158 344 2182 non
365 2147 503 2182 medius
528 2158 642 2192 aeque
670 2148 867 2183 concedere
889 2148 995 2183 debet
1022 2148 1252 2193 ponderibus,
1283 2159 1317 2182 m
1331 2150 1410 2182 otu
1432 2158 1541 2193 quo-

177 2209 362 2244 cumque
384 2198 546 2234 feruntur
569 2196 635 2248 (ita
652 2199 878 2235 scribendum
900 2199 1053 2246 videtur,
1078 2198 1123 2235 cf.
1139 2200 1174 2234 Π
1189 2199 1263 2234 239
1279 2199 1398 2235 omnia
1413 2199 1545 2235 debent

176 2262 242 2297 per
272 2251 378 2286 inane
408 2261 521 2295 aeque
550 2251 769 2295 ponderibus
800 2262 870 2286 non
902 2251 1026 2295 aequis
1056 2252 1196 2286 concita
1227 2248 1329 2299 ferri)
1358 2262 1425 2286 nec
1448 2252 1541 2296 quis-

178 2313 284 2349 quam
312 2302 411 2338 locus
441 2305 505 2349 est,
538 2302 600 2338 ubi
628 2313 779 2348 corpora
800 2305 895 2339 stare
917 2303 1055 2348 possint
1086 2299 1216 2352 (1077.
1240 2299 1279 2352 8)
1309 2313 1359 2339 sc.
1384 2313 1426 2338 eo
1449 2304 1544 2348 quod

175 2355 314 2401 pondus
336 2354 511 2390 amittant.
535 2366 650 2400 neque
673 2357 803 2391 autem<
820 2352 878 2403 (eo
914 2354 1053 2400 pondus
1081 2356 1246 2391 amittere
1276 2359 1425 2400 possunt
1449 2356 1544 2401 quod

177 2408 284 2442 inane
312 2406 495 2451 subsistat,
526 2416 643 2450 neque
673 2404 782 2455 enim)
813 2407 919 2442 inane
950 2407 1014 2441 ulli
1042 2407 1185 2451 corpori
1216 2407 1413 2441 subsistere
1436 2407 1544 2442 debet

177 2455 309 2507 (1079.
333 2454 411 2507 80).
443 2457 549 2493 Haud
575 2457 684 2503 igitur
712 2467 770 2493 res
801 2468 844 2493 ea
875 2468 981 2503 quam
1009 2458 1157 2504 exposui
1179 2457 1318 2493 ratione
1342 2458 1543 2503 cuppedine

177 2509 286 2545 medii
318 2510 355 2544 in
391 2509 579 2545 concilium
615 2509 698 2546 vehi
732 2513 892 2554 possunt.
932 2531 982 2535 -—
1020 2511 1098 2545 Hac
1129 2510 1426 2555 interpretatione
1455 2511 1543 2555 satis

179 2560 381 2598 defendisse
396 2560 481 2595 mihi
497 2561 621 2596 videor
642 2573 701 2596 vv.
723 2561 833 2596 1079.
850 2562 911 2608 80,
934 2561 994 2606 qui
1015 2561 1097 2597 ideo
1119 2561 1322 2597 addubitati
1344 2565 1425 2597 sunt
1448 2562 1544 2606 quod
